1844 3093
834 146 879 151 -
907 127 951 162 31
984 148 1027 152 -

227 198 390 256 πατρὸς
412 199 543 242 αὐτοῦ
564 225 619 228 -
643 199 738 242 VSS.
776 201 941 243 177-94
964 200 1057 256 (sin
1080 201 1273 256 excipias
1298 214 1357 242 vs.
1384 202 1481 255 187,
1505 201 1581 255 qui
1603 214 1627 242 a

221 273 349 316 Deut.
373 285 407 314 e.
430 271 599 327 XXIII,
626 273 647 314 1
674 272 909 328 derivatur)
931 287 957 315 a
979 273 1173 316 Levitico
1196 274 1408 328 originem
1436 273 1623 314 trahunt.

221 346 386 389 Versus
418 344 598 400 quidem
632 345 717 387 182
752 359 777 387 a
808 345 910 388 LeV.
943 345 1110 400 XVIII,
1135 346 1531 402 6ῑἈσχημοσύνην
1552 350 1625 402 τῆς

220 417 409 473 ἀδελφῆς
441 432 520 470 σου
552 417 600 460 ἐκ
632 417 797 474 πατρός
828 433 920 467 σου,
952 420 978 474 ἢ
1011 418 1059 460 ἐκ
1091 418 1255 474 μητρός
1290 434 1371 461 σου
1403 418 1530 461 ἔνδον
1559 435 1625 474 γε-

219 496 334 541 νοῦς,
367 493 394 546 ἢ
428 492 711 547 γεγενημένης
743 492 843 541 ἔξω,
875 492 957 534 οὐκ
990 492 1288 547 ἀποκαλύψεις
1318 492 1394 548 τὴν
1432 492 1624 548 ἀσχημο-

219 564 352 621 σύνην
384 564 540 607 αὐτῶν.
564 589 620 593 -
644 563 739 605 Vss.
787 563 922 605 194-ss
968 564 1185 607 eiusmodi
1217 568 1448 620 praecepta
1489 565 1626 620 porri-

218 640 339 692 gunt,
373 649 484 690 quae
517 637 623 677 vitia
652 637 740 690 jam
781 636 867 678 late
905 638 1115 678 scatentia
1152 640 1517 691 praesupponunt.
1548 637 1621 677 Vs.

223 709 305 750 187
340 709 466 762 juxta
498 721 588 763 cap.
621 707 791 761 XXIII,
818 709 840 749 1
866 707 1005 750 Deut:
1032 733 1087 737 —
1112 709 1193 750 οὐκ
1226 708 1497 750 εἰσελεύσεται
1518 708 1625 750 θλα-

220 780 325 830 δίας,
358 780 461 823 οὐδὲ
491 780 821 836 ᾶποκεκομένος
842 780 1073 837 ἐκκλησίαν
1097 780 1276 836 Κυρίου.
1301 806 1358 810 ——
1382 780 1455 822 Vs.
1482 780 1566 821 188
1602 794 1627 822 a

220 853 322 894 Lev.
354 852 521 906 XVIII,
556 853 611 893 23
647 852 890 894 derivatur:
924 853 1012 895 Καὶ
1045 852 1156 907 πρὸς
1185 857 1274 895 πᾶν
1304 853 1541 908 τετράπουν
1573 853 1625 894 οὗ

222 925 376 973 δώσεις
406 924 481 981 τὴν
503 925 650 981 κοίτην
672 941 752 968 σου
774 926 833 973 εἷς
855 924 1178 982 σπερματισμὸν
1200 925 1487 982 ἓκμιανθῆναι
1513 923 1625 981 πρὸς

220 997 337 1046 αὐτό,
369 998 443 1039 καὶ
474 997 580 1052 γυνὴ
615 998 668 1039 οὗ
700 998 891 1053 στήσεται
911 998 1024 1053 πρὸς
1043 1002 1131 1040 πᾶν
1152 998 1388 1053 τετράπουν
1409 998 1623 1053 βιβασθῆ-

220 1084 299 1114 ναι·
331 1070 533 1128 μυσαρὸν
559 1071 641 1128 γάρ
663 1071 782 1115 ἐστιν.
808 1097 864 1102 —-
887 1071 959 1114 Vs.
987 1072 1071 1114 192
1095 1072 1221 1127 Juxta
1242 1071 1343 1114 LeV.
1368 1085 1458 1127 cap.
1482 1070 1626 1125 XVII,

222 1146 305 1187 22:
329 1171 386 1176 -
407 1145 494 1187 Καὶ
537 1145 642 1201 μετὰ
685 1146 867 1201 ἄρσενος
909 1146 961 1188 οὗ
1001 1147 1254 1202 κοιμηθήσῃ
1297 1147 1444 1201 κοίτην
1483 1161 1625 1200 γυναι-

219 1218 351 1269 κείαν,
382 1218 605 1275 βδέλυγμα
638 1218 720 1276 γάρ
752 1219 871 1262 ἐστιν.
905 1245 962 1249 -
985 1218 1081 1261 Vss.
1120 1219 1315 1262 199-206
1351 1218 1404 1261 de
1438 1219 1626 1274 conjuge

222 1292 422 1347 eligendo
455 1296 609 1347 agunt.
643 1292 716 1334 Vs.
742 1293 826 1333 199
859 1293 985 1346 juxta
1015 1293 1140 1335 Prov.
1174 1293 1299 1347 XXI,
1319 1294 1368 1334 9:
1394 1318 1446 1322 -
1474 1292 1627 1347 Κρεῖο-

224 1380 302 1408 σον
334 1366 465 1408 οἰκεῖν
496 1365 564 1407 ἐπὶ
595 1366 754 1421 γωνίας
784 1365 1020 1422 ὑπαίθρου,
1058 1368 1083 1421 ἢ
1130 1366 1484 1421 κεκονιασμένοις
1521 1365 1627 1421 μετὰ

220 1437 389 1484 ἀδικίας
419 1437 492 1479 καὶ
523 1437 568 1480 ἕν
600 1438 711 1492 οἴκῳ
732 1443 881 1493 κοινῷ.
906 1463 962 1468 ——
986 1438 1082 1480 Vss.
1107 1439 1272 1481 207-17
1298 1440 1452 1479 mutua
1471 1450 1626 1493 paren-

220 1512 314 1552 tum
329 1510 610 1566 filiorumque
634 1510 783 1554 officia
803 1514 1086 1567 pertractant3
1112 1524 1193 1554 vss
1213 1512 1351 1555 208-9
1371 1511 1425 1553 ad
1442 1510 1626 1554 verbum

223 1595 246 1624 e
278 1582 404 1625 Deut.
438 1582 563 1637 XXI,
589 1583 643 1624 16
668 1587 711 1625 et
741 1596 859 1638 seqq.
892 1583 1165 1626 derivantur:
1196 1609 1252 1614 —
1288 1583 1386 1627 Ἐὰν
1418 1584 1467 1626 δέ
1492 1600 1567 1626 τινι
1597 1582 1627 1639 ᾖ

221 1656 314 1704 υἱὸς
345 1656 528 1712 ἀπειθῆς
548 1656 622 1698 καὶ
643 1656 886 1713 ἕρεθισθὴς,
921 1657 1001 1713 οὐχ
1022 1657 1266 1700 ὑπακούων
1287 1656 1442 1713 φωνὴν
1464 1656 1629 1713 πατρὸς

222 1729 296 1772 καὶ
316 1730 471 1785 φωνὴν
493 1729 668 1785 μητρὸς,
689 1730 763 1772 καὶ
783 1730 1047 1773 παιδεύουσιν
1069 1730 1210 1780 αὐτὸν,
1231 1731 1305 1773 καὶ
1324 1730 1386 1786 μὴ
1420 1730 1624 1785 εἶσακούῃ

222 1791 377 1852 αὐτῶν,
391 1829 447 1833 -
464 1803 518 1845 19
534 1829 589 1833 -
602 1803 676 1846 καὶ
697 1803 978 1860 συλλαβόντες
998 1803 1128 1847 αὐτὸν
1149 1804 1174 1846 ὁ
1195 1804 1336 1860 πατὴρ
1353 1804 1498 1853 αὐτοῦ,
1514 1803 1588 1846 καὶ
1600 1804 1626 1858 ἡ

219 1878 362 1933 μήτηρ
379 1877 512 1919 αὐτοῦ
533 1877 607 1919 καὶ
619 1877 849 1927 ἐξάξουσιν
870 1877 1000 1920 αὐτὸν
1012 1878 1037 1920 ὁ
1052 1877 1193 1933 πατὴρ
1211 1878 1342 1919 αὐτοῦ
1358 1877 1433 1919 καὶ
1445 1878 1470 1932 ἠ
1482 1878 1625 1933 μήτηρ

222 1950 365 1993 αὐτοῦ.
398 1950 466 1993 ἐπὶ
496 1950 573 2006 τὴν
605 1951 832 2007 γερουσίαν
852 1955 926 2007 τῆς
946 1951 1116 2007 πόλεως
1140 1952 1271 1994 αὐτοῦ
1295 1952 1407 1994 κ.τ.λ.
1432 1976 1488 1980 -
1514 1963 1626 2005 quae

227 2039 245 2061 «
273 2024 473 2080 γερουσία
505 2027 579 2079 τῆς
608 2023 779 2071 πόλεως
803 2041 821 2062 >>
858 2023 1082 2066 lucutione
1115 2040 1133 2061 «
1160 2023 1446 2079 πρεσβύτατοι
1480 2027 1626 2079 γενεῆς

221 2097 247 2151 ἢ
281 2096 594 2152 δημογέροντες
605 2102 633 2135 x-»
659 2096 889 2139 manifeste
912 2096 1116 2138 translata
1140 2099 1214 2138 est.
1240 2096 1335 2137 Vss.
1361 2096 1497 2138 210-3
1524 2109 1626 2137 eon-

221 2167 289 2210 fer
320 2181 422 2210 cum
454 2168 532 2211 Sir.
567 2169 662 2224 VII,
696 2169 753 2211 25
787 2182 915 2224 seqq:
941 2194 997 2198 —
1020 2169 1145 2211 τέκνα
1179 2168 1249 2210 σοί
1266 2168 1361 2217 ἔστι,
1391 2167 1627 2210 παίδευσον

222 2243 341 2294 αὐτὰ,
378 2244 452 2287 καὶ
482 2245 665 2300 κάμψον
696 2244 744 2287 ἐκ
777 2244 973 2300 νεότητος
1003 2243 1076 2286 τὸν
1106 2243 1319 2299 τράχηλον
1351 2242 1505 2285 αὐτῶν·
1544 2243 1625 2284 θυ-

222 2317 394 2372 γατέρες
424 2318 495 2360 σοί
522 2318 636 2367 εἰσιν,
668 2316 855 2373 πρόσεχε
885 2320 947 2372 τῷ
978 2317 1146 2371 σώματι
1178 2316 1335 2365 αὐτῶν,
1357 2315 1432 2358 καὶ
1451 2315 1513 2371 μὴ
1537 2316 1624 2357 ῖλα·

221 2391 370 2447 ρώσῃς
398 2390 511 2447 πρὸς
542 2390 673 2438 αὐτὰς
703 2390 778 2434 τὸν
807 2389 1049 2446 πρόσωπόν
1082 2406 1172 2432 σου.
1194 2389 1384 2431 Versum
1407 2390 1493 2431 215
1527 2403 1628 2431 cum

222 2464 384 2508 Simch.
426 2463 595 2520 XXVI,
641 2465 696 2507 10
735 2477 867 2520 seqq:
902 2489 958 2494 ——
992 2462 1088 2505 Ἐπὶ
1129 2462 1318 2519 θυγατρὶ
1359 2462 1627 2518 ἀδιατρέπτῳ

222 2539 462 2594 στερέωσον
493 2538 706 2595 φυλακὴν,
723 2539 791 2581 ἵνα
821 2537 883 2594 μὴ
917 2538 1104 2594 εὗροῢσα
1136 2537 1278 2580 ἄνεσιν
1313 2538 1444 2592 ἑαυτῇ
1465 2538 1625 2592 χρήση-

221 2629 298 2657 ται.
323 2639 379 2643 -
402 2613 498 2656 Vss.
533 2613 696 2656 217-27
724 2627 835 2669 quae
857 2613 1020 2668 amiciS,
1043 2612 1234 2667 senibus,
1256 2612 1481 2667 servisque
1505 2624 1629 2667 prae-
