1844 3093
859 153 903 158 .-
933 132 978 168 16
1006 153 1051 158 -

246 210 298 251 11
317 224 324 251 ;
351 234 408 239 —
431 209 456 251 ὁ
479 208 723 264 ἁπτόμενος
743 212 821 251 τοῦ
842 208 1105 265 τεθνηκότος
1124 207 1268 264 πάσης
1299 213 1445 265 ψυχῆς
1480 210 1660 267 ἀνθρώ-

241 298 342 331 που,
364 282 618 337 ἀκάθαρτος
634 282 748 324 ἔσται
764 280 868 323 ἑπτὰ
890 281 1059 337 ἡμέρας
1072 307 1128 312 -
1144 280 1247 323 ibid.
1270 281 1325 323 16
1343 307 1399 312 -
1413 282 1487 324 καὶ
1507 286 1594 331 πᾶς
1606 285 1655 332 ὃς

243 357 296 398 ἂν
340 355 502 411 ἅψηται
544 355 612 397 ἐπὶ
653 354 897 410 προςώπου
933 358 1009 397 τοῦ
1047 354 1199 397 πεδίου
1230 355 1494 410 τραυματίου
1527 358 1554 411 ἢ
1586 372 1651 399 νε-

243 432 356 484 κροῦ
378 430 405 484 ἢ
428 428 578 471 ὀστέου
605 428 891 484 ἀνθρωπίνου
914 429 940 483 ἢ
960 428 1201 484 μνήματος,
1224 426 1328 469 ἑπτὰ
1349 428 1516 484 ἡμέρας
1547 429 1653 472 ἀκά-

243 501 408 555 θαρτος
439 502 563 542 ἔσται.
587 525 643 529 -
666 500 719 541 In
752 513 869 554 seqq.
903 513 985 541 vss.
1022 501 1158 541 1034
1191 500 1303 540 nihil
1333 500 1449 541 inest
1471 502 1537 554 (ut
1569 502 1657 542 iam

244 572 491 616 observavit
522 571 696 626 Geram)
730 571 847 628 quod
879 585 968 615 non
1000 584 1140 628 aeque
1172 571 1219 613 in
1256 571 1521 614 Iudaeorum
1557 572 1657 615 reli-

243 647 417 700 gionem
452 645 595 687 cadat:
630 659 732 687 nam
765 659 922 701 eorpus
954 646 1223 687 revicturum
1252 658 1346 687 esse
1367 646 1455 699 jam
1475 648 1658 687 testatur

243 718 271 761 J
275 717 340 760 ob.
373 717 681 775 (XIX-25-27)
704 743 761 748 -—
785 716 893 761 οἶόα
918 716 1000 774 γὰρ
1024 717 1085 760 ὅτι
1107 716 1289 765 ἀένναός
1309 717 1417 761 ἐστιν
1439 717 1465 760 ὅ
1494 717 1658 761 ἐκλύειν

243 808 299 847 με
329 791 512 846 μέλλων,
544 791 612 833 ἐπὶ
644 795 722 846 γῆς
753 791 987 846 ἀναστῆσαι
1007 790 1055 832 τὸ
1079 791 1219 845 δέρμα
1240 807 1329 845 μου
1349 790 1397 832 τὸ
1419 791 1655 833 ἀναντλοῢν

244 868 373 907 ταῦτα
405 863 526 920 παρὰ
560 863 643 920 γὰρ
675 864 830 920 κυρίου
872 864 1002 906 ταῦτά
1043 879 1120 918 μοι
1163 863 1455 919 συνετελέσθη,
1499 864 1526 905 ἃ
1568 863 1656 918 ἐγὼ

245 939 422 993 ἐμαυτῷ·
453 937 771 993 συνεπίσταμαι,
804 938 832 978 ἃ
865 937 1100 993 ὀφθαλμός
1131 954 1220 993 μου
1252 938 1437 993 ἑώρακε,
1470 937 1545 980 καὶ
1574 938 1656 980 οὐκ

246 1010 374 1057 ἄλλος
396 1035 452 1039 —
475 1013 518 1052 et
551 1009 700 1051 Esaias
732 1010 783 1064 (o.
817 1008 985 1064 XXVI,
1012 1010 1106 1064 19):
1127 1036 1183 1040 —
1202 1010 1509 1066 ἀναστήσονται
1531 1011 1573 1052 οἱ
1593 1026 1657 1052 νε-

246 1082 359 1138 κροὶ,
390 1082 465 1125 καὶ
496 1082 803 1138 ἐγερθήσονται
836 1083 877 1124 οἱ
908 1082 953 1124 ἓν
983 1086 1071 1129 τοῖς
1100 1083 1327 1139 μνημείοις
1358 1082 1432 1125 καὶ
1471 1082 1658 1139 εὐφραν-

247 1155 457 1211 θήσονται
479 1156 521 1198 οῑ
542 1155 587 1198 ἕν
608 1160 659 1211 τῇ
681 1159 737 1211 γῇ
758 1154 869 1197 κ.τ.λ.
894 1154 1059 1197 Versus
1085 1156 1220 1198 105-6
1245 1168 1347 1198 eum
1370 1154 1477 1198 Gen.
1501 1154 1601 1212 Cap.
1623 1155 1655 1210 I,

249 1228 302 1269 27
340 1226 598 1269 conferendi
621 1252 677 1256 —
702 1260 820 1269 ......
843 1226 917 1268 καὶ
949 1227 1101 1283 ἕποίησ
1123 1215 1156 1269 (ν
1188 1228 1213 1269 ὁ
1245 1227 1351 1274 θεὸς
1376 1227 1450 1270 τόν
1481 1228 1657 1283 ἄνθρω-

247 1316 345 1349 πον,
377 1300 469 1343 κατ’
504 1299 650 1343 εἰκόνα
683 1300 793 1343 θεοῦ
825 1300 1023 1356 ἔποίησεν
1056 1232 1211 1350 αἶζόν.,
1235 1326 1292 1330 -
1327 1304 1369 1343 et
1402 1313 1503 1343 eum
1536 1313 1570 1343 0.
1603 1299 1658 1355 II,

248 1374 304 1415 23
339 1372 435 1428 sap.
469 1372 631 1415 Sirach.
667 1398 722 1402 —
757 1372 819 1414 ὅτι
851 1373 876 1414 ὁ
908 1372 1014 1419 θεὸς
1045 1374 1180 1415 ἔκτισε
1210 1373 1284 1415 τὸν
1315 1373 1557 1428 ἄνθρωπον
1594 1372 1656 1415 ἐπ’

247 1446 476 1502 ἀφθαρσίᾳ
517 1445 779 1502 (Pseudoph.
818 1462 836 1483 «
859 1445 1032 1502 ἀκήριοι
1054 1446 1102 1501 »),
1136 1446 1210 1489 καὶ
1253 1437 1398 1489 εἶκόνα
1440 1450 1513 1502 τῆς
1549 1445 1659 1494 ἰδίας

173 1547 178 1552 »
248 1519 458 1574 ἰδιότητος
489 1519 689 1574 ἐποίησεν
720 1518 862 1559 αὐτόν.
887 1543 943 1547 -
968 1518 1133 1560 Versus
1158 1520 1241 1560 107
1247 1519 1293 1559 -8
1318 1531 1419 1560 eum
1442 1518 1547 1560 Gen.
1580 1519 1658 1572 III,

181 1611 183 1615 ·
253 1591 306 1632 19
332 1625 456 1632 ......
480 1591 565 1637 ἕως
604 1594 680 1632 τοῦ
713 1590 983 1645 ἀποστρέψαι
1014 1606 1061 1632 σε
1093 1591 1151 1637 εἷς
1181 1590 1256 1646 τὴν
1289 1594 1369 1646 γῆν
1399 1590 1447 1639 ἐξ
1483 1588 1534 1645 ἧς
1575 1578 1659 1653 ἕλξ-

248 1663 380 1718 φθης·
415 1663 478 1705 ὅτι
512 1666 566 1718 γῆ
598 1662 644 1711 εἷ,
677 1662 751 1704 καὶ
782 1663 841 1709 εἰς
873 1666 952 1718 γῆν
990 1662 1201 1719 ἀπελεύσῃ
1226 1687 1295 1717 —,
1330 1665 1374 1704 et
1413 1675 1447 1704 e.
1492 1661 1659 1717 XVIII,

250 1738 304 1779 27
343 1771 463 1779 ......
486 1736 574 1792 ἐγὼ
608 1736 655 1779 δὲ
687 1735 770 1791 εἰμὶ
792 1740 846 1792 γῆ
867 1736 941 1778 καὶ
964 1737 1138 1783 σποδός.
1162 1762 1232 1786 -,
1256 1741 1299 1779 et
1321 1750 1418 1779 eum
1443 1736 1471 1779 J
1474 1736 1528 1778 ob
1550 1736 1606 1792 X,
1631 1737 1656 1778 9

248 1809 477 1864 μνήσθητι,
520 1808 582 1850 ὅτι
621 1808 763 1863 πηλόν
804 1823 861 1862 με
898 1808 1090 1857 ἔπλασες,
1134 1810 1192 1856 εἰς
1235 1809 1282 1851 δὲ
1324 1814 1404 1865 γῆν
1439 1825 1495 1864 με
1531 1810 1656 1851 πάλιν

249 1881 536 1936 ἀποστρέψεις
558 1905 615 1910 —
636 1893 720 1922 nee
751 1893 840 1921 11011
874 1893 976 1922 eum
1009 1894 1099 1935 cap.
1122 1880 1200 1935 ΠΙ,
1225 1881 1280 1922 12
1313 1880 1573 1924 Ecclesiast:
1599 1906 1656 1911 —-

249 1954 323 1995 καὶ
354 1953 587 2008 ἐπιστρέψῃ
621 1953 646 1994 ὁ
677 1955 784 2006 χοῦς
816 1952 884 1993 ἐπὶ
914 1952 990 2006 τὴν
1023 1957 1102 2007 γῆν
1134 1952 1198 1998 ὡς
1227 1952 1292 2007 ἦν,
1324 1953 1398 1994 καὶ
1418 1952 1467 1994 τὸ
1485 1957 1656 2007 πνεῦμα

250 2027 482 2082 ἐπιστρέψῃ
514 2025 627 2081 πρὸς
658 2025 731 2067 τὸν
762 2024 870 2067 θεὸν
902 2025 951 2071 ὅς
982 2025 1148 2068 ἔδωκεν
1186 2024 1301 2068 αὐτό.
1327 2051 1382 2055 -
1416 2025 1659 2081 Supersunt

251 2100 404 2142 verba:
439 2100 578 2142 ὀπίσω
621 2099 668 2141 δὲ
704 2098 802 2141 θεοὶ
838 2099 1092 2147 τελέθονται,
1132 2112 1243 2153 quae
1286 2099 1528 2154 Bernaysio
1570 2113 1658 2141 non

250 2173 378 2216 modo
412 2173 758 2215 Christianorum
801 2172 870 2214 vel
914 2171 1178 2214 Iudaeorum
1220 2172 1448 2214 hominum
1488 2172 1659 2228 placitis

250 2246 482 2300 adversari,
515 2245 593 2287 sed
626 2246 756 2287 etiam
788 2258 814 2286 a
846 2244 1112 2287 Graecorum
1139 2248 1183 2287 et
1202 2245 1498 2287 Romanorum
1530 2246 1659 2287 mori-

252 2319 333 2360 bus
366 2318 599 2361 abhorrere
634 2318 839 2360 videntur
859 2317 950 2373 (cfr.
969 2317 1177 2372 Bernays.
1211 2331 1276 2373 op.
1311 2319 1372 2372 c.).
1405 2318 1547 2374 Igitur
1577 2319 1660 2360 hae

251 2392 475 2447 apotheosi
508 2391 705 2433 offensus
737 2391 935 2445 Bernays
956 2392 1181 2446 proposuit
1200 2404 1287 2445 seq.
1320 2392 1576 2434 lectionem:
1602 2416 1659 2421 —

250 2466 390 2508 ὀπίσω
406 2481 449 2507 τε
465 2466 553 2507 νέοι
568 2465 810 2507 τελέθονται
829 2489 885 2493 —
904 2464 1039 2506 idest:
1058 2489 1075 2495 -
1093 2478 1333 2520 rursusque
1366 2467 1624 2509 adolescunt
1640 2491 1658 2497 -

256 2538 419 2580 Verum
437 2537 582 2592 Bergk
597 2536 903 2578 animadvertit
926 2541 1075 2594 poetae
1098 2539 1136 2580 si
1158 2539 1266 2581 haec
1284 2539 1429 2582 dicere
1452 2540 1661 2583 voluisset

258 2635 276 2655 «
306 2616 436 2665 αὗθις
464 2635 483 2655 >>
520 2630 609 2659 11011
652 2633 670 2654 <<
698 2618 838 2660 ὀπίσω
866 2635 884 2656 >>
922 2616 1220 2659 adhibendum
1250 2616 1399 2659 fuisse.
1437 2617 1567 2673 Fugit
1598 2621 1661 2659 ta-
