1844 3093
817 146 862 149 -
888 124 933 160 47
962 146 1007 150 -

216 198 495 252 losophorum
525 198 725 253 religioni
755 199 1013 254 placitisque
1046 200 1234 252 deerant,
1268 213 1418 242 eorum
1445 201 1611 255 praeci-

218 285 306 328 pua
327 270 589 313 documenta
609 272 955 327 sapientioraque
979 272 1111 315 effata
1131 273 1177 314 in
1201 287 1338 315 unum
1361 273 1616 330 colligendo,

220 357 305 399 quo
322 343 495 385 facilius
518 345 751 386 memoriae
774 345 1093 399 mandarentur,
1117 349 1165 392 'et
1181 347 1485 388 communibus
1504 348 1616 389 vitae

219 417 371 461 usibus
403 417 676 460 inservirent.

339 490 536 545 Utroque
560 491 677 532 enim
700 492 902 546 carmine,
920 492 1075 534 iisdem
1097 492 1189 534 fere
1211 492 1504 535 locutionibus
1527 495 1617 549 pie-

216 567 280 605 tas
313 576 414 616 erga
445 562 631 617 Numen,
664 563 888 618 honorque
922 565 968 605 in
998 569 1198 619 parentes
1231 567 1610 607 commendantur:

216 635 395 690 Phooyl.
421 649 457 677 V.
483 635 530 676 8:
557 661 612 664 -—
631 638 782 691 πρῶτα
801 635 908 678 θεὸν
924 636 1033 692 τίμα,
1048 637 1266 691 μετέπειτα
1287 637 1333 679 δὲ
1351 642 1438 680 σεῖο
1456 643 1617 694 γονῆας

216 708 375 762 Χρυσᾶ
407 709 509 763 ἔπηῑ
547 733 603 737 —
635 708 896 755 Αθανάτους
925 709 1005 762 μὲν
1036 713 1189 763 πρῶτα
1221 709 1365 758 θεοὺς,
1397 711 1522 765 νόμῳ
1555 712 1618 757 ὼς

1408 783 1618 839 [ὃιάκεται

629 855 739 909 τίμα,
772 855 845 897 καὶ
878 856 1008 910 σέβου
1042 856 1178 909 ὅρκον
1227 890 1615 899 ..........

634 1000 733 1046 τούς
764 1015 806 1041 τε
839 1004 974 1054 γονεῖς
1005 1001 1116 1055 τίμα,
1139 1034 1616 1043 ............

218 1072 264 1113 in
297 1074 482 1125 utroque
514 1071 750 1113 moderatio
784 1071 1006 1114 laudatur:

216 1144 373 1186 Pseud.
409 1158 444 1186 V.
481 1145 555 1185 14:
588 1145 736 1200 μέτρα,
758 1145 899 1200 νέμειν
930 1145 979 1187 τὰ
1004 1146 1146 1188 δίκαια
1177 1146 1324 1199 καλὸν,
1348 1147 1614 1202 δ’ἒπίμετρον

1391 1220 1618 1276 [ἁπάντων

215 1289 303 1332 Χ.ἕ.
322 1304 359 1332 V.
379 1291 435 1332 38
455 1290 571 1346 Moyd'
592 1291 883 1347 ἀναλεύθερος
894 1292 994 1341 ἴσθι,
1005 1293 1164 1347 μέτρον
1182 1292 1291 1334 δ’ἒπὶ
1307 1297 1411 1335 πᾶσι
1432 1294 1613 1348 ἄριστον.

217 1363 373 1405 Pseud.
397 1377 434 1405 V.
460 1364 515 1405 68
531 1378 539 1405 :
557 1364 703 1419 μέτρῳ
719 1364 840 1413 ἔδειν,
856 1365 1003 1421 μέτρῳ
1020 1365 1066 1407 δὲ
1079 1370 1188 1408 πιεῖν
1200 1366 1274 1408 καὶ
1288 1367 1612 1422 μυθολογεύειν.

216 1436 305 1478 Χ.ἔ.
325 1451 363 1477 V.
397 1438 477 1478 33:
507 1437 630 1479 Ἀλλὰ
657 1442 792 1479 ποτοῦ
820 1455 862 1479 τε
889 1439 1047 1493 μέτρον
1073 1439 1147 1480 καὶ
1178 1440 1292 1482 σίτου
1310 1442 1560 1495 γυμνασίων
1575 1458 1618 1483 τε

215 1509 502 1565 Praeceptum
535 1509 781 1566 Pseudoph.
815 1524 873 1553 vs.
909 1511 988 1553 76:
1379 1512 1618 1569 [ποιεῖσθαι

249 1584 542 1638 σωφροσύνην
566 1583 723 1632 ἀσκεῖν,
745 1585 937 1638 αἰσχρῶν
960 1585 1142 1639 δ’ἔργων
1164 1586 1413 1640 ἀπέχεσθαι.

218 1655 279 1697 ita
311 1655 487 1697 tradunt
518 1655 608 1698 Χέ.
642 1669 723 1698 vss.
760 1658 914 1698 11-13:

249 1762 425 1770 .....
458 1729 627 1784 πρήξῃς
645 1729 866 1785 δἀἶσχρόν
886 1746 990 1772 ποτε
1009 1732 1116 1786 μήτε
1132 1732 1216 1786 μετ’
1242 1733 1385 1780 ἄλλου,
1404 1734 1497 1788 μητ’
1517 1733 1613 1789 ἰδίῃ.

250 1801 360 1844 Εἶτα
385 1802 676 1858 ὃικαιωσύνην
697 1803 817 1846 ἄσκει
839 1804 954 1859 ἔργῳ
975 1821 1029 1852 τε,
1051 1805 1169 1860 λόγῳ
1190 1822 1243 1848 τε.

215 1874 499 1916 Proverbium
534 1875 778 1930 Pseudoph.
813 1889 1020 1918 versuum
1055 1878 1243 1920 109-10:

248 1980 552 1988 ........
584 1948 764 2003 μέμνησ’
790 1948 851 1990 ὅτι
872 1949 1032 2005 θνητὸς
1052 1950 1258 2006 ὑπάρχεις

245 2020 412 2075 οὗκ(ἔνι
444 2021 545 2067 ὃέἰς
568 2021 715 2077 Ἅιδην
748 2022 978 2077 ὅλβον)καὶ
1009 2024 1189 2078 χρήματ’
1224 2025 1405 2078 ἄγεσθαι

243 2093 397 2139 πάντες
428 2094 520 2136 ἴσον
551 2094 710 2141 νέκυες·
745 2128 1263 2138 .............

212 2166 273 2207 ita
304 2166 502 2209 versibus
538 2169 604 2221 15,
642 2169 696 2209 16
729 2168 786 2210 Χ.
820 2170 849 2211 ἔ.
884 2171 1165 2225 exprimitur:

244 2239 349 2281 ἀλλὰ
373 2240 524 2295 γνῶθι,
546 2240 626 2295 μὲν
649 2241 712 2288 ὡς
732 2241 926 2285 θανέεειν
947 2243 1169 2299 πέπρωται
1191 2244 1324 2286 ἅπασι

243 2314 442 2368 χρήματα
467 2314 655 2356 δ’ἄλλοτε
672 2314 753 2369 μὲν
773 2316 959 2358 κτᾶσθαι
979 2317 1100 2371 φιλέϊ,
1122 2317 1449 2360 ἄλλοτ’ὂλέσθαι.

215 2385 375 2429 Confer
406 2401 466 2429 vs.
504 2388 587 2429 119
622 2388 891 2444 Pseudoph.:

242 2460 349 2514 μήτε
370 2464 525 2507 κακοῖς
545 2460 701 2515 ἄχθου,
723 2461 817 2516 μήτ’
842 2460 921 2503 οὗν
937 2462 1173 2517 ἓπαγάλλεο
1195 2464 1343 2520 χάρμῃ

214 2544 315 2573 cum
334 2532 402 2589 .X·
426 2534 455 2576 ἔ.
491 2546 549 2575 vs.
586 2535 663 2576 18:

251 2606 413 2662 (ἄλγεα)
435 2605 512 2649 Ὧν
534 2607 587 2650 ἄν
607 2611 766 2663 μοῖραν
788 2609 889 2664 ἔχῃς
909 2608 1065 2665 πρᾴως
1086 2611 1203 2666 φέρε,
1235 2611 1338 2667 μηδ’
1375 2611 1612 2667 ἀγανάκτει.
