1844 3093
804 159 848 163 -
875 135 922 173 29
950 159 996 163 -

195 214 304 271 ὑπὲρ
336 213 490 263 ἔλαιον,
521 213 595 257 καὶ
626 214 749 257 αὐτοί
776 215 851 257 εἶσι
881 214 1059 271 βολίδες.
1085 240 1140 245 —
1167 214 1297 270 LVII,
1321 216 1349 256 4
1374 241 1429 245 —
1466 215 1540 258 καὶ
1573 216 1599 271 ἡ

195 287 368 343 γλῶσσα
401 286 545 329 αὐτῶν
575 287 768 344 μάχαιρα
801 287 917 337 ὀξεῖα
945 313 1000 318 —
1023 288 1138 343 LIX,
1176 290 1197 330 7
1236 314 1292 318 -
1323 289 1520 345 ῥομφαία
1555 289 1601 331 ἒν

194 364 281 407 τοῖς
310 360 486 415 χείλεσιν
518 360 672 415 αὐτῶν,
697 386 753 390 -
787 360 945 415 LXIV,
984 363 1009 403 3
1051 387 1106 391 —
1140 361 1363 417 ἠκόνησαν
1395 363 1459 409 ὠς
1491 363 1598 418 ῥομ-

195 432 329 488 φαίαν
349 431 423 479 τὰς
446 432 632 487 γλώττας
653 433 808 475 αὐτῶν.
830 459 886 463 —
909 430 989 475 Ier.
1013 434 1045 488 I,
1070 435 1095 474 8
1121 459 1177 464 —
1201 434 1321 489 βολὶς
1340 435 1599 490 τιτρώσκου-

194 521 248 547 σα
283 506 309 561 ἡ
344 506 517 560 γλῶσσα
551 506 706 547 αὐτῶν.
731 531 787 535 —
811 506 935 547 Prov.
960 506 1126 560 XVIII,
1149 508 1204 548 21
1231 532 1288 536 —
1310 508 1501 554 θάνατος
1524 508 1598 549 καὶ

195 576 287 632 ζωὴ
321 577 366 619 ἓν
397 577 503 634 χειρὶ
541 578 750 633 γλώσσης,
793 579 835 620 οἳ
872 578 919 620 δὲ
960 582 1218 634 κρατοῦντες
1260 580 1391 635 αὐτῆς
1432 580 1599 622 ἔδονται

191 651 290 698 τοὺς
322 651 520 707 καρποὺς
551 652 692 707 αὐτῆς.
715 677 771 681 —
795 651 868 693 Vs.
893 652 978 694 130
999 652 1126 706 J'uxta
1149 652 1273 694 PrOV.
1297 652 1464 708 XXIV,
1489 654 1513 693 5
1542 678 1597 683 —

193 724 420 780 Κρείσσων
453 725 591 780 σοφὸς
621 726 815 781 ἰσχυροῦ,
847 725 921 767 καὶ
953 725 1063 780 ἀνὴρ
1086 725 1298 781 φρόνησιν
1319 727 1433 781 ἔχων
1461 742 1596 782 γεωρ-

196 799 289 853 γίου
321 799 524 854 μεγάλου.
549 824 605 828 -—
628 798 723 840 VSS.
761 799 916 840 132-3:
942 824 997 827 —
1028 799 1109 853 οὐχ
1143 799 1262 841 ὅσιον
1293 800 1496 854 κρύπτειν
1524 800 1597 841 τὸν

194 872 440 914 ἀτάσθαλον
467 871 589 927 ἄνδρ’
612 871 875 926 ἀνέλεγκτον,
899 870 1004 913 ἀλλὰ
1025 871 1108 926 χρὴ
1132 871 1376 927 κακοεργὸν
1400 873 1599 927 ἀποτρω-

195 945 362 987 πᾶσθαι
394 946 651 1000 ἀνάγκῃ.“-
685 948 965 999 praeceptum
998 945 1252 986 hebraicum
1277 945 1463 999 tradunt,
1486 946 1602 999 quod

194 1017 355 1073 legitur
391 1018 437 1059 in
480 1018 782 1072 antiquissimo
815 1017 1000 1060 Levitiei
1033 1018 1343 1060 commentario
1368 1044 1423 1047 —
1459 1018 1599 1060 Sifrfz:

194 1101 404 1183 ,ἳππων
432 1115 788 1168 ἐω-τυνεπυ
818 1116 957 1179 ’την
988 1111 1045 1166 π)
1077 1113 1194 1173 mv
1224 1115 1365 1167 οδω
1399 1110 1519 1181 pm
1539 1136 1593 1143 ..

441 1226 491 1235 -
529 1207 647 1275 'tv-7
679 1208 757 1258 m
790 1187 870 1268 ὃν
914 1207 1134 1270 mayn
1167 1188 1244 1257 ⁸⁴7
1274 1233 1425 1244 ......
1460 1181 1607 1267 pvb„

194 1297 382 1339 Versum
417 1297 501 1338 135
536 1295 687 1338 confer
718 1309 820 1338 cum
852 1296 977 1338 Prov.
1012 1295 1183 1350 XXIX,
1219 1296 1304 1337 24:
1330 1321 1387 1326 —-
1413 1295 1497 1343 Ὃς
1527 1312 1601 1351 με-

197 1371 359 1426 ρίζηται
400 1370 556 1425 κλέπτῃ
596 1374 713 1425 μισεῖ
739 1369 814 1425 τὴν
845 1370 1000 1412 ἑαυτοῦ
1032 1369 1178 1425 ψυχὴν
1209 1370 1332 1412 κ.τ.λ..

320 1442 392 1484 Vs.
429 1443 539 1485 140:
579 1459 598 1480 «
624 1446 780 1497 κτῆνος
800 1444 883 1497 κῆν
905 1442 1083 1498 ἒχθροῒο
1116 1443 1224 1498 πέσῃ
1257 1441 1368 1484 καθ’
1387 1442 1505 1496 ὁδόν,
1529 1458 1600 1484 συ-

196 1516 355 1571 νέγειρε
381 1532 400 1554 >>
428 1515 480 1557 ab
514 1515 650 1557 Exod.
684 1514 855 1569 XXIII,
890 1516 914 1556 5
950 1515 1191 1557 derivatur:
1228 1541 1284 1545 —
1312 1514 1409 1559 Ἐὰν
1439 1515 1486 1557 δὲ
1508 1516 1601 1571 ἴδῃς

193 1588 240 1631 τὸ
271 1588 508 1644 ὑποζύγιον
538 1592 613 1631 τοῦ
646 1588 810 1644 ἐχθροῦ
833 1604 913 1631 σου
934 1587 1151 1644 πηπωκὸς
1172 1587 1258 1631 ὑπὸ
1279 1587 1327 1630 τὸ
1353 1588 1492 1644 γόμον
1523 1588 1599 1630 αὗ-

193 1666 280 1711 τοῦ,
314 1663 366 1704 οὗ
397 1662 637 1717 παρελεύσῃ
671 1661 787 1711 αὐτὸ,
820 1661 925 1703 ἀλλὰ
964 1666 1161 1717 συναρεῖς
1198 1661 1302 1703 αὐτὸ
1340 1663 1426 1716 μετ’
1451 1662 1595 1704 αὐτοῦ.

194 1761 250 1765 *-
274 1735 344 1778 vel
366 1749 391 1777 a
413 1734 538 1777 Deut.
572 1734 719 1789 XXII,
753 1735 803 1776 4:
828 1759 883 1765 —
911 1734 1004 1777 Οὐκ
1040 1735 1129 1790 ὄψῃ
1153 1734 1227 1777 τὸν
1250 1735 1354 1777 ὄνον
1376 1738 1451 1777 τοῦ
1476 1735 1597 1777 ἀδελ-

194 1812 282 1863 φοῦ
315 1824 394 1850 σου
427 1810 452 1863 ἢ
485 1808 558 1850 τὸν
588 1807 757 1863 μόσχον
788 1808 919 1849 αὐτοῦ
951 1807 1233 1854 πεπτωκότας
1264 1808 1309 1849 ἓν
1340 1812 1391 1863 τῇ
1414 1807 1510 1862 ὁδῷ
1531 1807 1592 1863 μὴ

192 1880 398 1936 ὗπερίδῃς
429 1879 596 1935 αὐτοὺς,
632 1880 791 1922 ἀνισῶν
823 1880 1072 1935 ἀναστήσεις
1101 1879 1185 1934 μετ’
1223 1880 1366 1921 αὐτοῦ.
1403 1905 1458 1909 —
1494 1880 1598 1922 Per-

193 1953 302 1994 mire
335 1953 444 1994 mihi
476 1952 648 1994 videtur
665 1953 794 1994 lectio
828 1978 884 1982 ᾖ
917 1952 1075 2008 βροτόν
1109 1978 1163 1982 -
1198 1953 1244 1993 in
1273 1952 1403 2007 βοτόν
1437 1967 1462 1993 a
1491 1952 1596 1994 Ber-

194 2026 347 2081 naysio
380 2029 545 2068 mutata
575 2026 622 2068 in
654 2039 784 2068 versu
818 2026 926 2067 141:

227 2137 250 2180 λ
283 2139 307 2187 ζ
482 2137 523 2179 ὃ,
544 2099 674 2156 βοτὸν
853 2100 1083 2156 ἅλίτροπον
1145 2100 1226 2156 οὐχ
1258 2100 1489 2151 ὑπαλύξεις

193 2153 226 2179 π
252 2153 278 2180 α
308 2153 467 2193 obtemp
509 2153 529 2179 ε
544 2174 716 2231 βροτὸν,
727 2174 801 2217 καὶ
853 2174 1049 2230 ἀλήμονα
1142 2175 1295 2230 μήποτ’
1316 2175 1491 2232 ἐλέγξῃς
1510 2201 1566 2205 —
1588 2191 1597 2228 ς

195 2246 354 2303 legitur
386 2248 504 2290 enim
534 2248 583 2289 in
614 2247 741 2290 Deut.
774 2247 876 2303 XX,
913 2249 949 2302 1,
984 2249 1031 2289 3:
1057 2273 1112 2276 —
1136 2247 1230 2303 Μὴ,
1263 2248 1372 2291 ἰδὼν
1409 2249 1483 2291 τὸν
1520 2249 1601 2305 μό-

196 2336 301 2376 σχον
322 2325 409 2364 τῶν
441 2322 644 2377 ἀδελφῶν
676 2338 756 2364 σου
788 2324 814 2377 ἢ
846 2322 1069 2377 πρόβατον
1104 2322 1236 2363 αὐτοῦ
1268 2322 1534 2378 πλαζώμενα
1558 2324 1602 2365 ἓν

196 2399 257 2450 τῷ
288 2396 394 2451 ὁδῷ,
426 2396 631 2452 ὑπερίδῃς
662 2396 780 2438 αὐτά·
814 2397 1071 2452 ἀποστροφῇ
1092 2396 1377 2452 ἀποστρέψεις
1405 2396 1511 2439 αὐτὰ
1537 2401 1600 2450 τῷ

195 2470 373 2525 ἀδελφῷ
404 2486 484 2513 σου
516 2471 589 2513 καὶ
621 2471 865 2518 ἀποδώσεις
896 2472 1014 2526 αὐτῷ
1038 2497 1094 2501 —-
1120 2471 1191 2513 Vs.
1219 2472 1316 2526 144,
1342 2472 1367 2513 6
1393 2484 1416 2514 e
1435 2471 1597 2514 Siraoh.

196 2557 230 2586 c.
262 2545 364 2601 XII,
399 2547 454 2588 33
489 2546 702 2602 originem
734 2546 934 2588 trahunt:
969 2572 1026 2576 ———
1051 2545 1156 2589 Ἀπὸ
1190 2547 1430 2602 σπινθῆρος
1461 2545 1602 2601 πυρὸς

196 2619 457 2675 πληθύνεται
490 2621 720 2677 ἀν’θρακία,
753 2622 826 2664 καὶ
858 2621 1098 2677 ἄνθρωπος
1130 2621 1374 2677 ἁμαρτολὸς
1406 2622 1464 2668 εἰς
1494 2621 1599 2676 αἷμα
