1844 3093
841 198 885 201 -
917 177 959 212 15
988 198 1031 201 m

364 250 485 301 Quae
518 264 618 292 cum
649 251 710 291 ita
740 251 838 305 sint,
881 264 969 292 non
1013 264 1094 292 vss.
1130 252 1202 292 3-7
1240 254 1409 292 tantum
1442 251 1636 292 Pseudo-

239 322 463 378 phocylidi
495 321 759 376 tribuendos,
793 335 946 364 verum
990 323 1120 365 etiam
1164 322 1333 364 duobus
1372 323 1635 378 primoribus

240 395 437 438 versibus
470 408 593 437 suam
624 394 760 437 fidem
793 398 989 438 constare
1023 408 1263 450 censemus,
1288 396 1447 450 quibus
1481 396 1635 438 carmi-

239 469 308 510 nis
340 469 524 524 scriptor
554 468 638 510 sibi
668 472 820 524 poetae
853 468 1015 511 Milesii
1035 482 1195 511 nomen
1218 469 1486 523 adscivisset,
1519 469 1635 524 quod

241 542 370 584 etiam
402 541 611 596 Bemays,
646 542 844 596 quamvis
875 543 1037 597 primos
1076 542 1173 584 illos
1208 555 1357 584 versus
1402 548 1635 598 expungat,

239 628 317 670 pro
350 617 467 657 certo
499 614 639 656 habet.
674 613 738 656 Ne
771 618 916 657 tamen
949 614 1065 657 dicat
1095 615 1301 670 Bernays,
1335 615 1433 658 ideo
1465 615 1636 671 Phocy-

240 688 339 730 lidis
371 689 548 730 nomine
583 692 737 744 poema
770 692 1029 730 exornatum
1059 688 1197 731 fuisse
1228 689 1345 743 quod
1368 689 1440 731 hic
1462 702 1637 744 quoque

241 758 425 817 scriptor
454 761 575 804 nullo
607 761 699 804 fere
732 761 908 804 vinculo
949 762 1064 804 inter
1095 774 1141 804 se
1173 765 1272 818 apta
1306 762 1503 817 ediderit,
1535 776 1637 804 nam

243 834 512 877 censendum
545 838 610 877 est
646 851 664 874 «
685 835 852 891 ποίημα
875 834 1138 891 νουθητικόν
1157 852 1175 873 >>
1204 849 1229 877 a
1255 852 1273 873 «
1293 835 1598 892 διανοημάτοις
1615 852 1633 873 >>

243 908 411 962 antiqui
444 907 603 949 Milesii
633 920 810 962 prorsus
842 907 1045 961 alienum,
1079 908 1166 962 qui,
1189 908 1433 962 praeceptis
1454 908 1639 962 singulis

243 993 401 1022 nomen
435 993 563 1022 suum
594 993 880 1036 praeponens,
911 980 1093 1036 singula,
1133 981 1408 1036 paucissimis
1442 980 1640 1023 versibus

245 1054 566 1108 comprehensa,
600 1055 834 1107 sejunctim
866 1055 1165 1109 proposuerit:
1212 1053 1286 1095 cfr.
1327 1053 1452 1095 Dion.
1488 1054 1638 1108 Chrys.

244 1125 473 1181 (XXXVI,
506 1126 538 1181 I,
571 1126 627 1179 II,
663 1127 776 1180 505).
819 1125 970 1174 Οὕτως
1000 1127 1122 1182 ἔφην,
1165 1126 1240 1169 καὶ
1276 1130 1352 1169 τοῦ
1390 1126 1639 1169 Φακυλίδου

243 1200 460 1256 ποιήσεως
490 1201 624 1250 ἔξεστί
640 1216 707 1243 σοι
729 1200 873 1256 λαβεῖν
905 1200 1056 1256 δεῖγμα
1080 1200 1125 1243 ἓν
1145 1201 1308 1257 βραχεῖ,
1330 1200 1404 1243 καὶ
1425 1201 1507 1256 γάρ
1530 1201 1638 1244 ἐστιν

245 1275 297 1317 οὐ
328 1277 414 1317 τῶν
444 1274 621 1330 μακράν
662 1291 750 1317 τινα
783 1275 857 1317 καὶ
888 1279 1045 1330 συνεχῆ
1065 1276 1235 1330 ποίησιν
1268 1274 1483 1330 εἰρόντων,
1518 1275 1581 1322 ὥς
1608 1275 1633 1317 ὁ

244 1348 451 1403 ὑμέτερος
481 1349 585 1403 μίαν
617 1347 716 1404 ἑξῆς
749 1348 913 1397 διέξεισι
944 1349 1090 1405 μάχην
1127 1348 1172 1391 ἒν
1203 1348 1389 1391 πλείοσιν
1430 1350 1455 1404 ἢ
1488 1365 1638 1391 πεντα-

245 1422 458 1475 κιςχιλίοις
489 1420 640 1479 ἔπῂσιν
672 1421 776 1463 ἀλλὰ
809 1421 918 1463 κατὰ
958 1421 1039 1464 δύο
1070 1422 1145 1463 καὶ
1176 1423 1268 1477 τρία
1300 1423 1381 1477 ἔπη
1416 1422 1535 1476 αὐτῷ
1565 1422 1640 1463 καὶ

246 1493 387 1549 ἀρχὴν
409 1494 435 1549 ῆ
468 1480 636 1549 ποίησις
657 1494 732 1536 καὶ
752 1495 889 1548 πέρας
910 1494 1131 1549 λαμβάνει,
1154 1494 1265 1536 ὥστε
1285 1494 1359 1536 καὶ
1380 1494 1638 1549 προστίθησι

246 1565 293 1607 τὸ
326 1566 469 1621 ὄνομα
510 1567 641 1609 αὑτοῦ
673 1566 779 1609 καθ’
818 1568 1001 1609 ἕκαστον
1034 1567 1263 1622 διανόημα,
1295 1568 1366 1609 ἅτε
1399 1567 1640 1609 σπουδαῖον

246 1639 319 1681 καὶ
350 1639 512 1682 πολλοῦ
544 1639 666 1688 ἀξιον
698 1640 942 1695 ἡγούμενος
974 1657 1014 1683 κ.
1046 1657 1078 1682 τ.
1112 1640 1145 1682 λ.

909 1750 985 1792 III.

369 1849 602 1891 Existimat
633 1849 826 1905 Scaliger
856 1850 910 1904 (p.
945 1850 999 1890 95
1036 1863 1101 1905 op.
1136 1849 1221 1902 cit.)
1255 1862 1406 1890 versus
1443 1848 1609 1891 100-8:

283 1940 302 1961 «
318 1923 378 1979 μὴ
396 1923 562 1979 τύμβον
578 1923 808 1979 φθιμένων
828 1923 1056 1980 ἀνορύξῃς,
1074 1923 1166 1979 μηδ
1178 1923 1359 1966 ’ἀθέατα

280 1997 420 2051 δείξῃς
450 1997 578 2051 ἠελίῳ
609 1996 683 2038 καὶ
715 1996 943 2052 δαιμόνιον
974 1997 1106 2052 χόλον
1139 1996 1284 2051 ὄρσῃς.

279 2069 331 2111 οὐ
363 2069 499 2111 καλὸν
532 2069 743 2125 ἁρμονίην
775 2070 1012 2123 ἀναλυέμεν
1045 2069 1314 2123 ἀνθρώποιο.

278 2143 351 2185 καὶ
382 2143 488 2198 τάχα
521 2143 561 2185 δ’
585 2143 632 2185 ἐκ
666 2144 788 2200 γαίης
818 2143 1042 2198 ἐλπίζομεν
1074 2143 1118 2190 ἒς
1149 2143 1262 2198 φάος
1294 2142 1433 2185 ἐλθεῖν

279 2217 440 2273 λείψαν’
476 2217 792 2273 ἀποιχομένων·
825 2217 963 2260 ὀπίσω
997 2216 1044 2259 δὲ
1075 2216 1171 2259 θεοὶ
1200 2216 1452 2271 τελέθονται.

280 2290 416 2346 ψυχαὶ
447 2291 529 2346 γάρ
560 2292 790 2346 μίμνουσιν
821 2291 990 2347 ἀκήριοι
1023 2290 1068 2333 ἕν
1100 2290 1373 2346 φθιμένοισιν

280 2369 450 2421 πνεῦμα
485 2366 568 2421 γάρ
600 2366 682 2407 ἐστι
713 2366 822 2408 θεοῦ
853 2369 1003 2421 χρῆσις
1033 2365 1225 2421 θνητοῖσι
1257 2365 1334 2407 καί
1361 2364 1503 2407 εἰκών.

284 2442 413 2494 σῶμα
447 2439 529 2494 γὰρ
562 2439 610 2481 ἔκ
644 2439 766 2496 γαίης
797 2440 964 2495 ἔχομεν,
997 2429 1174 2481 iliacam
1196 2436 1308 2491 πρὸς
1339 2437 1472 2493 αὐτὴν

280 2512 482 2567 λυόμενοι
503 2513 623 2559 κόνις
643 2513 781 2567 ἐσμέν·
805 2512 890 2568 ἀὴρ
914 2511 1035 2554 δ’ἀνὰ
1066 2515 1237 2567 πνεῦμα
1272 2511 1476 2553 δέδεκται.
1499 2527 1517 2548 >>

250 2588 484 2630 christiano
517 2587 682 2630 homini
705 2587 842 2642 magis
875 2600 1004 2642 quam
1025 2586 1182 2641 judaeo
1207 2586 1453 2639 convenire,
1478 2588 1521 2627 at
1545 2597 1645 2626 vero

251 2674 332 2703 vss.
348 2661 369 2702 ,1
377 2661 484 2703 ΟΟ-2
497 2650 777 2716 praeceptum
788 2660 974 2715 tradunt,
990 2659 1106 2715 quod
1122 2660 1243 2702 estin
1255 2658 1364 2700 libro
1377 2657 1505 2700 Num.
1522 2658 1647 2713 XIX,
