1844 3093
252 208 309 248 sit
341 207 528 262 amplius
561 220 641 249 cur
671 207 893 261 miremur,
926 208 963 249 si
996 221 1148 250 versus
1170 208 1197 249 8
1229 212 1383 264 πρῶτα
1415 208 1523 252 θεὸν
1554 210 1652 265 τίμα

249 280 335 322 κτλ.
369 280 446 335 qui
487 279 685 322 naturale
731 280 936 322 carminis
969 280 1201 323 exordium
1241 281 1425 337 videtur,
1451 285 1555 338 post
1586 295 1653 326 se-

251 357 370 409 ptem
401 353 613 409 primores
645 353 794 396 sedem
827 353 1077 397 obtinuerit.

373 426 524 482 Igitur,
558 427 596 469 si
629 440 710 469 vss.
745 428 818 469 3-7
854 426 946 469 fide
979 427 1102 483 digni
1135 430 1248 482 sunt,
1282 431 1424 483 atque,
1450 428 1650 471 uti-dixi-

250 514 360 555 mus,
394 499 565 542 duobus
596 499 860 555 primoribus
891 500 1090 542 versibus
1119 500 1312 555 sublatis,
1345 501 1567 557 ἀκέφαλον
1587 502 1653 545 fo-

251 581 318 620 ret
348 580 513 633 poema,
548 576 753 631 efficitur,
787 579 836 618 ut
859 579 902 618 et
922 576 969 618 hi
991 588 1143 618 versus
1176 575 1320 619 eidem
1346 576 1546 633 scriptori
1578 577 1653 618 tri-

251 650 417 694 buendi
448 651 560 704 sint3
605 664 706 693 cum
748 652 947 706 praterea
988 648 1283 704 difficultates,
1317 662 1447 705 supra
1484 649 1648 705 allatae,

249 723 378 767 facile
413 724 650 766 solvantur.

334 847 341 851 s
434 796 491 853 α’)
516 796 561 841 Si
584 797 703 840 enim
725 796 901 838 initium
924 795 1170 839 claudicare
1194 799 1237 839 et
1253 799 1480 839 venustate
1504 808 1651 839 carere

250 872 476 926 fateamur,
510 871 680 913 exitum
713 873 757 912 et
788 870 893 911 alias
936 870 1141 912 carminis
1172 873 1316 925 partes
1347 871 1533 925 maiores
1565 871 1651 926 spi-

251 944 361 986 ritus
383 942 468 985 sibi
489 955 674 997 sumere,
692 942 880 997 ideoque
898 942 1205 998 praeferendas
1227 942 1408 985 minime
1429 942 1650 998 largimur.

435 1015 492 1071 β’)
522 1014 814 1057 Concedimus
846 1014 1100 1068 Bernaysio,
1134 1016 1172 1056 si
1204 1019 1355 1057 auctor
1379 1028 1425 1057 se
1453 1031 1471 1053 «
1494 1014 1652 1057 Φωκυ-

249 1088 371 1144 λίδην
416 1087 593 1143 ἀνδρῶν
638 1086 713 1129 τὸν
761 1086 1018 1142 σοφώτατον
1039 1103 1058 1125 >>
1104 1086 1373 1142 appellasset,
1406 1086 1648 1141 manifeste,

252 1161 451 1216 quamvis
483 1160 632 1215 invite,
678 1160 822 1215 ipsum
864 1158 1065 1201 fraudem
1107 1158 1364 1215 professum.
1398 1159 1467 1214 At,
1512 1162 1573 1201 ut·
1592 1159 1652 1201 ait

254 1234 410 1290 Bergk,
443 1248 512 1277 res
543 1235 605 1276 ita
635 1247 682 1276 se
713 1247 802 1276 non
835 1233 988 1286 habet3
1023 1234 1207 1289 scriptor
1238 1234 1356 1276 enim
1388 1237 1527 1275 totum
1559 1247 1650 1276 car-

251 1322 353 1352 men
386 1308 565 1364 antiquo
597 1311 750 1364 poetae
776 1307 947 1351 Milesio
970 1321 1059 1350 non
1081 1307 1244 1363 tribuit,
1276 1307 1352 1351 sed
1376 1307 1458 1350 hoc
1479 1310 1648 1350 tantum

250 1383 407 1438 fingit:
442 1395 488 1424 se
521 1382 613 1423 suis
647 1382 791 1424 verbis
824 1381 1001 1423 traditas
1023 1381 1277 1436 Phocylidis
1311 1383 1490 1436 γνώμας
1512 1381 1650 1436 expli—

252 1468 378 1508 care3
412 1454 601 1509 ideoque
635 1468 723 1496 non
754 1454 1067 1510 improbandus
1094 1454 1288 1510 scriptor,
1318 1455 1354 1496 si
1385 1454 1544 1496 nobilis
1577 1466 1650 1496 ve·—

249 1528 352 1569 teris
384 1529 536 1581 poetae
569 1526 826 1581 sapientiam
862 1526 1064 1567 laudibus
1101 1526 1291 1568 extollat.

373 1599 426 1654 y')
466 1598 617 1641 Codex
648 1598 964 1640 Ambrosianus
996 1598 1028 1653 I,
1053 1599 1129 1653 qui
1162 1598 1271 1641 duos
1302 1599 1464 1654 primos
1497 1611 1649 1642 versus

249 1686 274 1714 a
294 1672 476 1726 reliquis
499 1671 726 1712 distinctos
758 1671 937 1726 praebet
962 1670 1013 1725 1),
1036 1671 1146 1712 nihil
1169 1671 1286 1713 aliud
1308 1672 1468 1727 (inquit
1488 1671 1648 1727 Bergk)

249 1745 403 1802 probat
434 1745 519 1787 nisi
551 1744 778 1786 librarium
800 1744 930 1786 istum
956 1744 1152 1787 eamdem
1172 1745 1467 1801 suspicionem
1488 1745 1649 1788 fovisse

250 1833 381 1875 quam
414 1818 611 1872 Bernays
645 1818 899 1870 exornavit,
935 1818 977 1871 2)
1000 1819 1045 1859 in
1077 1819 1268 1860 maxima
1294 1821 1415 1874 parte
1446 1819 1648 1862 codicum

249 1893 444 1949 aequalis
490 1892 560 1935 vel
602 1892 777 1946 maJ'oris
821 1892 1087 1935 auctoritatis
1121 1895 1164 1935 et
1195 1893 1464 1949 antiquitatis
1498 1907 1649 1938 versus

252 1967 315 2008 illi
351 1966 472 2007 nullo
516 1964 744 2006 intervallo
778 1964 830 2005 ab
864 1964 959 2006 aliis
992 1966 1175 2020 separati
1219 1965 1435 2021 leguntur.
1475 1966 1645 2009 Idcirco

249 2043 518 2096 argumenta,
562 2038 725 2093 quibus
766 2037 964 2092 Bernays
1014 2039 1093 2080 niti
1136 2042 1312 2094 poterat,
1360 2040 1514 2082 iacent.
1563 2039 1649 2083 Sed

248 2112 359 2156 adde
404 2114 656 2168 praeterea:
705 2110 741 2153 δ’
774 2110 835 2153 Ut
865 2110 1155 2166 praecedente
1189 2124 1279 2167 cap.
1312 2113 1648 2155 monstravimus

248 2184 672 2242 Pseudophocylidis
716 2197 867 2227 versus
911 2184 986 2226 2-3
1036 2185 1230 2227 imitatus
1279 2189 1344 2228 est
1393 2189 1545 2229 auctor
1591 2186 1646 2229 II.

249 2259 400 2315 Sibyll.
434 2259 535 2301 libri
567 2260 664 2315 (vss.
701 2259 755 2300 52
791 2258 906 2314 seq.).
1658 2252 1660 2254 ’

371 2332 419 2388 ε’)
457 2332 557 2375 Non
590 2326 795 2387 est'quin
828 2332 984 2386 videa-t,
1017 2345 1148 2387 quam
1181 2346 1372 2388 congrue
1405 2334 1648 2389 proemium

248 2407 418 2462 epilogo
451 2405 721 2461 respondeat,
755 2409 885 2460 atque
919 2406 1051 2447 unius
1083 2405 1350 2461 alteriusque
1384 2420 1522 2448 unum
1555 2419 1649 2449 esse

247 2483 498 2532 auctorem3
531 2479 620 2534 jam
653 2492 754 2520 vero
788 2491 889 2520 cum
923 2479 1104 2534 epilogo,
1139 2491 1270 2534 quem
1296 2483 1520 2535 praeterea
1552 2493 1646 2522 ver—

247 2568 321 2595 sus
364 2553 681 2607 Sibyllinorum
723 2553 959 2607 imitantur,
1004 2552 1141 2596 fidem
1191 2566 1341 2596 omnes
1389 2553 1645 2609 concedant,

248 2626 355 2683 quid
388 2630 453 2669 est
485 2626 603 2681 quod
636 2629 679 2668 et
711 2626 891 2668 exordio
923 2626 1036 2669 fides
1068 2640 1157 2669 non
1190 2626 1433 2670 habeatur?
