1844 3093
205 158 321 199 Iram
354 158 396 197 et
426 155 553 209 jurga
582 156 803 207 tamquam
833 152 1175 194 funestissimam
1208 155 1375 207 pestem
1412 151 1510 193 odio
1534 152 1608 192 ha-

207 229 389 271 bebant:
425 226 501 268 cfr.
536 238 617 267 vss.
653 226 676 266 7
684 225 783 266 7-8;

303 317 321 337 «
342 299 403 354 μὴ
424 302 561 353 μιμοῦ
582 296 814 352 κακότητα,
839 296 935 352 δίκῃ
960 296 1243 351 δ’ᾶπόλειψον
1265 297 1435 351 ἄμυναν

297 370 440 413 πειθὼ
471 369 552 425 μὲν
574 368 656 424 γὰρ
680 369 839 422 ὄνειαρ,
862 370 950 423 ἔρις
972 368 1010 411 δ’
1036 369 1124 423 ἔριν
1146 369 1405 423 ἀντιφυτεύει
1429 385 1446 406 >>

207 458 289 486 vss.
327 444 481 485 123-4:

299 516 470 570 εὐεπίην
492 515 650 563 ἀσκεῖν,
672 515 764 569 ἥτις
783 514 899 569 μάλα
921 514 1084 561 πάντας
1107 514 1259 569 ὀνήσει.

299 588 435 630 ὅπλον
456 603 518 629 τοι
539 586 668 641 λόγος
688 586 813 641 ἀνδρὶ
834 586 1081 646 τομώτερᾷν
1103 586 1186 628 ἔστι
1208 586 1400 641 σιδήρου.

207 674 258 703 ae
291 673 373 702 vss.
411 660 598 701 142-44:

297 733 497 789 βέλτερον
516 733 600 775 ἀντ’
625 732 790 788 ἐχθροῦ
811 732 972 787 τυχέειν
994 732 1121 787 φίλου
1146 732 1431 786 εὐμενέοντος.

298 806 346 855 ἕξ
369 806 513 861 ὀλίγου
536 806 777 861 σπινθῆρος
798 806 1047 860 ἀθέσφατος
1069 805 1234 847 αἴθεται
1255 805 1346 860 ὕλη.

208 879 254 921 Si
286 879 392 933 quid
424 878 702 920 affirmabant
731 879 966 933 juramenti
997 878 1038 920 lo
1073 882 1174 931 erat,
1208 878 1509 933 pessimaeque
1543 878 1608 918 in-

208 951 317 993 dolis
348 951 563 993 iudicium
593 951 862 1007 reputabant,
895 952 932 993 si
965 952 1038 993 eui
1063 951 1264 993 invocata
1288 950 1482 991 numinis
1505 949 1606 996 fide,

207 1025 459 1067 crederetur
483 1025 513 1079 1)
546 1024 621 1066 cfr.
657 1038 714 1066 vs.
751 1026 825 1066 16:
1154 1069 1156 1071 ,

296 1098 401 1153 μήδ’
436 1098 698 1154 ἔπιορκησῃς
728 1099 823 1154 μητ’
858 1099 1003 1153 ἁγνῶς
1032 1099 1139 1153 μήτε
1171 1098 1319 1140 ἕκοντί.

327 1170 413 1212 Hie
446 1171 622 1212 vivendi
654 1171 819 1226 modus,
860 1160 936 1225 qui
956 1172 1004 1211 in
1025 1171 1173 1211 multis
1196 1184 1297 1212 oum
1318 1171 1601 1225 pythagorico

208 1244 423 1297 convenit,
472 1244 519 1284 in
551 1244 986 1299 Pseudophooylidea
1019 1256 1250 1298 expressus
1282 1243 1389 1284 mihi
1424 1243 1606 1285 videtur.

205 1316 283 1358 Est
303 1317 438 1371 igitur
457 1317 563 1358 mihi
588 1316 1017 1372 Pseudophoeylides
1050 1316 1238 1359 Iudaeus
1271 1316 1446 1371 quidam
1475 1314 1602 1358 Esse-

204 1403 300 1444 nus,
324 1390 403 1444 vel,
427 1394 476 1432 ut
507 1390 669 1445 dieunt,
700 1390 980 1446 Therapeuta,
1015 1391 1090 1445 qui
1123 1403 1298 1432 carmen
1326 1403 1455 1431 suum
1477 1390 1601 1432 initio

203 1464 335 1518 primi
354 1467 453 1506 ante
472 1463 546 1506 Ch.
579 1478 620 1507 n.
640 1464 804 1506 saeculi
827 1463 1031 1519 condidit,
1054 1477 1155 1506 eum
1178 1463 1334 1506 Schola
1354 1463 1390 1505 N
1398 1464 1605 1519 eopytha-

204 1539 352 1593 gorioa
383 1539 530 1593 vigere
562 1539 714 1594 coepit.
737 1538 966 1581 Praelerea
998 1538 1152 1581 Graetz
1174 1539 1222 1580 in
1244 1551 1372 1593 opere
1400 1538 1518 1593 quod
1539 1539 1605 1580 in-

204 1611 426 1653 scribitur:
448 1637 502 1641 ——
523 1611 782 1667 Gesohiohte
796 1611 871 1654 des
882 1612 1044 1653 Volkes
1066 1611 1235 1653 Israel's
1255 1637 1310 1640 —
1329 1614 1382 1666 (v,
1403 1612 1480 1665 HI,
1500 1613 1602 1663 311)

204 1684 389 1727 Iudaeos
421 1685 670 1727 hellenistas
692 1685 852 1740 triplici
875 1686 986 1727 serie
1010 1685 1259 1740 distinguit:
1283 1685 1430 1727 Prima
1453 1698 1604 1727 eorum

205 1759 282 1797 est·
296 1757 373 1811 qui
395 1756 605 1812 dogmata,
622 1756 740 1811 leges
761 1769 991 1811 moresque
1016 1757 1290 1804 ethnicorum
1313 1756 1484 1799 silentio
1507 1770 1603 1812 pre-

203 1832 347 1881 munt3
381 1829 514 1871 altera
546 1841 697 1870 eorum
730 1830 806 1883 qui
838 1829 1056 1884 improbos
1099 1842 1240 1871 mores
1281 1829 1602 1884 perstringunt3

203 1902 330 1944 tertia
362 1915 513 1944 eorum
539 1903 613 1957 qui
637 1915 761 1944 suam
783 1903 921 1957 tutati,
943 1903 1218 1945 ethnicorum
1240 1902 1496 1958 religionem
1519 1903 1600 1944 im-

192 1972 407 2029 pugnant.
424 1974 485 2017 At
501 1988 603 2017 vero
622 1988 751 2031 opera
768 1988 918 2017 eorum
943 1976 1019 2031 qui
1049 1976 1176 2018 tertia
1199 1976 1310 2018 serie
1334 1975 1607 2017 concludun-

201 2051 283 2103 tur,
305 2049 445 2103 primo
467 2048 642 2091 saeculo
668 2052 766 2104 post
788 2048 862 2091 Ch.
886 2063 927 2091 n.
960 2049 1200 2091 abundant:
1226 2049 1423 2091 Philonis
1446 2049 1605 2104 scripta

202 2122 339 2164 innuo
363 2126 493 2178 atque
522 2122 690 2179 Ioseph.
722 2123 871 2174 Flavii,
896 2124 1023 2166 ouius
1046 2127 1286 2166 memoratu
1320 2123 1477 2179 dignae
1502 2126 1604 2165 sunt

202 2195 247 2236 αἱ
267 2221 324 2225 —
350 2194 625 2252 Ἀντιῤῥήσεις
645 2212 757 2251 προς
777 2196 964 2239 Ἀπίωνα
1000 2222 1056 2226 -—
1091 2210 1198 2251 quas
1229 2198 1391 2239 rectius
1425 2197 1601 2238 omnino

207 2285 225 2306 «
242 2269 526 2325 Ἀντιρῤήσεις
545 2270 657 2325 πρὸς
670 2269 872 2317 ’Ἑλλενας
893 2287 911 2309 >>
939 2271 1204 2326 Porphyrios
1227 2270 1423 2326 appellat,

319 2390 345 2436 ¹)
373 2389 450 2427 Cfr.
488 2389 636 2427 Philon.
673 2390 771 2438 (Lib.
810 2390 1014 2438 «Quisque
1048 2390 1134 2426 virt.
1171 2389 1305 2426 stud.»
1349 2390 1390 2426 II
1416 2402 1501 2439 pag.
1528 2385 1607 2426 457

204 2452 320 2498 seqq.)
347 2452 496 2499 Ioseph.
516 2453 593 2490 Fo.
611 2453 783 2500 (Antiqu.
802 2451 888 2489 Ind.
907 2453 1022 2496 xm,
1042 2455 1073 2489 5.
1096 2453 1135 2497 8;
1163 2453 1253 2497 xv,
1283 2454 1339 2496 10,
1371 2455 1412 2497 5;
1441 2452 1598 2497 XVIII,

208 2513 238 2548 1.
265 2514 287 2549 5
314 2534 360 2539 —
386 2514 446 2550 De
472 2513 578 2550 Bello
612 2513 776 2551 Judaico
811 2514 863 2557 II,
899 2514 934 2560 8,
972 2514 1075 2556 2-13)
1112 2514 1210 2551 Plin.
1237 2514 1356 2562 (Hist.
1384 2515 1434 2550 N.
1462 2515 1509 2558 V,
1539 2514 1597 2559 15)

203 2575 341 2612 Euseb.
368 2576 515 2623 (Praep.
542 2576 610 2612 Ev.
638 2576 708 2619 IX,
736 2576 774 2621 2)
800 2576 1004 2624 Prorphyr.
1031 2577 1105 2623 (De
1131 2576 1267 2613 abstin.
1296 2577 1366 2618 IV,
1396 2578 1451 2621 11,
1481 2576 1552 2621 13).
