1844 3093
216 203 415 247 traditam
446 201 646 255 reddunt,
680 213 704 243 e
738 213 823 255 qua
856 200 992 242 etiam
1014 202 1293 255 praeceptum
1316 198 1417 240 libri
1444 198 1624 240 Hholim

213 303 285 357 (92
304 303 355 356 ει.)
372 300 547 342 defluit:
576 274 820 349 nnnbw
844 276 995 349 ὄπι)
1016 282 1205 347 mm
1227 297 1348 348 ms
1366 298 1521 348 -ῡτον
1545 288 1623 348 ⁸7

213 400 356 453 ’zen
378 399 454 451 sn
495 397 772 460 mwmw
791 394 936 449 ’mn
960 394 1183 448 nmmw
1210 395 1324 445 rvr-x
1345 375 1437 446 βω
1461 369 1621 447 5533

1326 507 1377 515 —
1410 485 1624 536 mann

217 557 353 611 Quod,
386 556 489 598 licet
518 554 754 610 judaicum,
788 552 904 609 apud
936 552 1147 608 plurimos
1180 551 1362 607 populos
1384 552 1513 607 paulo
1545 553 1624 594 im-

219 631 432 670 mutatum
463 627 724 679 invenimus,
758 626 835 679 qui
867 624 919 666 ab
945 637 1023 666 esu
1047 625 1244 666 carnium
1268 624 1523 665 animalium
1546 637 1623 666 sua

217 704 353 743 morte
386 701 680 743 extinctorum
712 697 967 740 abhorrent:
1002 698 1135 739 immo
1168 697 1449 738 humaniores
1495 710 1626 752 quae-

218 787 328 829 quae
361 774 559 815 nationes
591 771 827 814 nonnullae
861 770 1077 813 eiusmodi
1110 770 1369 812 sacerdotali
1401 770 1497 825 lege
1533 774 1626 812 ute-

220 847 385 889 bantur.
428 846 581 888 Festus
625 845 764 887 enim:
810 860 828 882 «
855 844 1052 885 Mortuae
1084 843 1278 899 pecudis,
1315 844 1471 897 inquit,
1509 844 1625 885 corio

219 920 386 963 calceos
417 923 493 961 aut
524 918 663 961 soleas
694 917 794 959 fieri
825 917 1062 959 flaminicis
1084 916 1208 959 nefas
1230 916 1424 971 habetur,
1452 917 1529 959 sed
1551 921 1626 959 aut

219 993 387 1034 occisae
404 992 597 1045 alioquin
620 994 696 1032 aut
716 989 973 1044 immolatae,
998 990 1205 1044 quoniam
1228 1002 1307 1030 sua
1328 993 1465 1031 morte
1486 991 1628 1031 extin-

220 1069 288 1107 cta
320 1065 466 1106 omnia
498 1064 673 1105 funesta
704 1066 864 1104 sunt».

371 1137 431 1178 At
463 1137 608 1178 omnia
638 1136 666 1178 J
669 1135 907 1177 udaeorum
929 1136 1104 1190 propria
1126 1135 1323 1178 consulto
1346 1135 1427 1177 sub
1451 1136 1624 1177 silentio

219 1210 532 1265 praetermisit:
568 1222 634 1250 ΒΧ.
667 1222 727 1263 gr.
760 1209 885 1249 initio
909 1209 1128 1263 poematis,
1152 1222 1252 1250 cum
1275 1209 1393 1263 leges
1416 1208 1624 1263 Decalogi

220 1287 395 1338 repetat,
429 1283 482 1325 de
516 1282 700 1325 Sabbato
733 1281 825 1324 Deo
859 1282 1152 1324 consecrando
1187 1285 1229 1324 et
1251 1282 1305 1324 de
1328 1283 1461 1324 sacris
1484 1282 1625 1336 legem

220 1356 365 1397 tacuit.
399 1355 511 1397 Item
543 1367 624 1396 vss.
659 1355 764 1395 84-5
799 1354 852 1395 ad
886 1354 1068 1395 verbum
1100 1367 1244 1410 prope,
1281 1358 1327 1395 ut
1359 1367 1489 1409 supra
1512 1355 1624 1395 dixi-

223 1443 331 1483 mus,
366 1442 389 1471 e
423 1442 513 1484 cap.
540 1427 688 1482 XXII,
714 1428 738 1469 6
761 1427 888 1470 Deut.
911 1427 1152 1484 deprompti
1175 1432 1299 1482 sunt3
1325 1428 1457 1471 verba
1478 1432 1623 1471 tamen

222 1502 332 1543 sacri
364 1501 465 1542 libri
491 1517 509 1538 «
537 1502 604 1542 ἴνα
638 1499 684 1542 εὗ
718 1516 785 1542 σοι
825 1501 992 1556 γένηται
1034 1502 1107 1543 καὶ
1143 1501 1423 1557 πολυήμερος
1461 1503 1560 1556 γένῃ
1590 1519 1624 1555 »,

222 1588 333 1629 quae
356 1575 599 1630 simplicem
621 1574 851 1616 utilitatem
873 1579 1153 1630 praeceptum
1177 1575 1507 1617 observantibus
1529 1589 1626 1630 pro-

221 1648 410 1701 mittunt,
431 1649 596 1688 mutata
616 1646 876 1706 invenimus.
901 1646 1012 1688 Item
1036 1660 1095 1687 vs.
1122 1647 1189 1701 16,
1211 1647 1455 1702 perjurium
1476 1650 1627 1688 vetans

222 1720 435 1774 originem
467 1719 597 1761 debet
626 1718 728 1760 LeV.
761 1718 885 1773 XIX,
923 1719 1001 1772 123
1039 1719 1112 1760 ubi
1144 1723 1373 1774 praecepto
1396 1719 1624 1774 subjungi-

222 1796 292 1834 tur
323 1805 525 1835 severum
557 1791 665 1833 illud
692 1808 710 1829 «
733 1791 820 1847 ἐγώ
852 1792 935 1847 εἰμι
957 1791 1158 1848 Κύριος»
1187 1792 1303 1846 quod
1327 1792 1469 1834 locum
1496 1793 1627 1833 cessit

223 1867 366 1909 verbis
399 1880 487 1921 seq.
521 1879 673 1909 versus
709 1868 761 1909 17
798 1866 1053 1922 Pseudoph:

346 1966 402 1970 —
424 1941 678 1996 ψεύόορκον
701 1941 859 1995 στυγέει
880 1939 985 1987 θεὸς
1004 1941 1224 1995 ἄμβροτος
1246 1941 1357 1987 ὅστις
1379 1940 1547 1996 ὀμόσσῃ
1569 1966 1625 1969 ——

343 2013 453 2055 Tum
485 2027 574 2055 non
595 2026 690 2055 raro
714 2013 1009 2055 austeritatem
1031 2013 1178 2068 legum
1200 2012 1490 2055 Mosaicarum
1512 2014 1627 2055 miti-

222 2087 357 2141 gavit,
392 2090 443 2128 ut
474 2086 724 2141 exemplum
745 2086 984 2142 proferam:
1008 2086 1440 2141 Pseudophocylides
1462 2087 1627 2141 simpli-

223 2159 332 2201 citer
363 2159 423 2201 ait
455 2172 515 2201 vs.
548 2160 630 2201 34:

286 2257 342 2262 —-
366 2234 419 2287 ἢν
451 2232 533 2288 γὰρ
566 2233 821 2289 ἀποκτείνῃς
853 2233 1027 2288 ἐχθρόν,
1062 2234 1135 2275 σέο
1167 2237 1288 2288 χεῖρα
1322 2234 1503 2288 μιαίνειν
1528 2259 1595 2287 —,

224 2318 324 2346 cum
357 2305 499 2347 Moses
533 2306 574 2347 ei
596 2307 672 2360 qui
691 2306 883 2361 prudens
904 2307 1134 2348 inimicum
1154 2307 1625 2361 interemerit,necem,

225 2379 301 2432 qui
328 2379 504 2434 invitus,
537 2379 708 2433 asylum
741 2380 937 2422 destinet.
967 2379 1136 2430 Quibus
1170 2380 1372 2422 omnibus
1393 2382 1628 2435 perpensis,

222 2450 350 2494 facile
382 2452 576 2495 adducor
598 2456 646 2495 ut
675 2453 895 2496 Judaeum
918 2453 1190 2496 hellenistani
1212 2454 1320 2496 mihi
1343 2454 1628 2509 persuadeam

219 2526 405 2569 ethnicis
434 2529 668 2584 praecipua
689 2529 912 2585 religionis
933 2529 1133 2583 judaicae
1157 2529 1317 2584 placita
1337 2530 1625 2585 proposuisse,

219 2602 389 2657 antiqui
409 2604 603 2659 gnomici
619 2608 770 2660 poetae
788 2604 1044 2659 Phocylidis
1070 2608 1234 2647 vestem
1256 2605 1521 2657 simulatum,
1539 2605 1626 2647 for-

1421 2677 1439 2703 3
