1844 3093
209 172 381 222 tempus
414 165 646 220 conJ‘uncte
680 165 841 208 elatum
863 166 1129 221 significans,
1151 169 1248 222 post
1268 166 1608 222 propositionem

206 238 493 297 principalem
523 241 767 294 negantem,
816 239 1146 293 conjunctivum
1187 239 1366 280 modum
1410 252 1511 280 cum
1554 238 1608 279 ἄν

208 312 513 369 expostularet.

329 410 385 415 —
408 383 544 427 καλὸν
566 418 694 427 ......
727 385 755 439 ἥ
779 386 876 436 (vss.
900 384 1046 439 81-2):
1081 385 1108 439 ἤ
1142 410 1198 414 -
1222 398 1351 439 quam
1376 410 1432 414 —
1456 397 1608 426 vocem

205 458 537 502 antecedentem
570 458 906 514 comparativam
923 458 993 500 vel
1015 458 1146 500 huius
1169 459 1315 500 vicem
1336 471 1493 514 gerens
1515 471 1608 500 ver-

210 534 315 575 bum
346 532 437 588 (cfr.
469 532 657 587 Theogn.
684 532 714 586 1)
745 544 827 573 vss.
864 532 1018 586 145-6)
1049 531 1134 574 sibi
1166 531 1416 574 vindicaret.

328 605 568 648 τελέθονται
600 618 661 647 vs.
697 605 794 647 104.
827 605 1085 647 Inusitatam
1108 605 1229 647 verbi
1252 631 1308 635 —
1331 605 1494 647 τελέθω
1516 618 1606 647 me-

207 680 322 721 diam
353 679 538 721 formam
570 681 675 734 puto
707 679 852 734 potius
882 682 1128 734 corruptam
1152 691 1245 720 esse
1267 679 1417 732 serius⁷
1441 692 1540 720 nam
1562 680 1608 719 in

206 754 299 808 ipso
334 752 525 794 carmine
557 752 734 793 invenio
766 752 841 806 (vs.
878 752 950 806 75)
977 751 1179 793 formam:
1205 776 1261 781 —
1284 751 1528 794 τελέθουσιν
1551 777 1606 781 —

209 830 252 867 et
282 826 357 880 (vs.
394 825 495 879 170)
526 824 694 867 τελέθει.
729 823 924 866 Lexicon
957 838 1058 867 cum
1092 824 1316 866 vocabulis
1358 824 1608 880 politiorum

207 900 321 941 inter
351 898 479 941 LXX
511 899 770 954 interpretes
801 899 1038 940 maximam
1069 902 1235 954 partem
1263 899 1370 950 coit;
1397 898 1607 940 nonnulla

205 976 349 1014 tamen
394 973 513 1021 ἅπαξ
553 971 762 1027 λεγόμενα
797 975 840 1014 et
877 972 1091 1027 sequioris
1134 972 1285 1014 aetatis
1326 973 1500 1027 propria
1543 971 1605 1014 af-

204 1045 289 1087 fert
308 1060 316 1087 :

190 1118 276 1159 'Vs
313 1119 333 1159 1
374 1143 429 1147 —
463 1118 776 1172 γαμοκλοπέειν
811 1144 868 1148 -
903 1118 1086 1160 verbum
1115 1118 1197 1160 hoc
1220 1117 1334 1173 apud
1358 1117 1601 1173 Pseudoph.

358 1193 548 1231 tantum:
582 1190 653 1244 (—
695 1190 970 1245 γαμοκλοπία
1009 1216 1066 1220 -
1105 1189 1220 1245 apud
1263 1189 1332 1231 Or.
1372 1190 1521 1244 Sibyll.
1562 1194 1605 1232 et

359 1288 415 1292 ——
440 1262 721 1318 γαμοκλόπος
742 1263 858 1318 apud
879 1262 1019 1305 Nonn.
1042 1263 1092 1305 D.
1118 1264 1274 1317 3377).

205 1336 278 1377 Vs.
315 1337 368 1377 15
404 1362 459 1365 —
493 1336 743 1391 ἑτερόζυγος
783 1336 874 1391 (cfr.
917 1335 1019 1379 LeV.
1061 1336 1187 1391 XIX,
1234 1336 1305 1390 19)
1343 1336 1495 1390 adject.
1537 1349 1603 1379 se-

358 1411 522 1464 quioris
544 1411 705 1452 'aetatis
736 1424 839 1466 pro:
875 1436 931 1440 —-
955 1410 1166 1465 ἔτερόζυξ,
1190 1426 1249 1458 ος.

207 1482 280 1524 Vs.
317 1483 371 1524 18
406 1508 462 1513 -—
486 1483 753 1538 ἕπαράσιμος
776 1508 831 1513 —
855 1484 894 1525 ἅ.
916 1484 951 1525 λ.

205 1555 279 1598 Vs.
314 1556 372 1598 24
406 1582 461 1585 —
484 1556 660 1612 ἄστεγος
690 1557 750 1611 (et
781 1570 840 1599 vs.
875 1557 949 1611 27)
980 1557 1068 1611 jam
1100 1570 1125 1599 a
1155 1556 1285 1599 LXX
1318 1560 1584 1612 usurpatum.

206 1628 280 1670 Vs.
299 1629 356 1670 26
375 1654 431 1658 -—
456 1615 733 1684 ἁπερίόῖεατον
755 1655 811 1658 -
837 1630 1014 1684 einsam,
1044 1629 1204 1671 hiilflos
1227 1629 1343 1685 apud
1359 1629 1604 1685 Pseudoph.

357 1706 400 1744 et
430 1702 554 1758 Diog.
587 1702 836 1744 Laertiaum
868 1703 964 1757 VII,
989 1704 1038 1754 ὃς
1069 1702 1186 1744 aliud
1209 1702 1464 1757 significans
1486 1702 1603 1757 apud

358 1775 494 1816 Polib.

203 1847 277 1889 VS.
303 1848 364 1890 ,31
404 1874 458 1877 —
481 1847 786 1891 εἰδωλοθύτων
810 1874 866 1878 -
891 1847 948 1890 N
970 1847 1011 1890 Τ.

203 1920 277 1963 Vs.
311 1921 369 1963 44
404 1947 460 1951 ——
483 1921 702 1978 βιοφθόρε
725 1948 781 1952 —-
805 1923 843 1965 ἅ.
866 1922 901 1965 λ.

205 1994 279 2035 Vs.
313 1994 369 2035 49
395 2019 451 2023 —
484 1996 733 2051 πετροφυής
765 2020 821 2025 —
854 1995 1029 2037 Primus
1061 1995 1492 2050 Pseudophocylides
1524 1995 1606 2037 hoc

356 2066 620 2121 adjectivum
651 2070 843 2123 usurpat,
876 2067 1034 2110 deinde
1067 2067 1251 2123 scriptor
1272 2066 1413 2122 sibyll.
1439 2070 1482 2110 et
1502 2065 1605 2109 Dio-

354 2138 546 2180 scorides
577 2140 630 2192 (V.
663 2138 768 2180 Lex.
802 2138 1065 2194 Sophocles).

207 2211 277 2253 Vs.
314 2212 370 2252 54
409 2237 465 2242 —-
503 2211 748 2267 πολύολβος
785 2238 842 2242 -
881 2212 999 2266 quod
1039 2215 1139 2254 ante
1192 2212 1437 2267 Pseudoph.
1476 2225 1604 2255 nemo

355 2288 545 2340 usurpat,
568 2285 782 2341 posterius
810 2298 913 2327 vero
934 2284 1114 2340 Dionys.
1157 2285 1265 2340 Per„
1302 2285 1524 2340 Coluthus‚
1546 2286 1605 2327 A·

356 2358 512 2413 gathia.

239 2551 243 2553 .
320 2515 348 2560 ¹)
375 2515 552 2550 Fortasse
577 2514 700 2550 forma
726 2536 771 2540 -
797 2516 995 2551 τελέθονται
1023 2536 1069 2539 -
1107 2526 1127 2549 e
1160 2514 1294 2560 Sibyll.
1326 2514 1431 2550 libris
1459 2513 1601 2549 deriva-

205 2578 288 2619 tur;
316 2574 381 2611 ubi
399 2575 571 2611 Similiter
587 2575 788 2622 leguntur:
808 2596 853 2600 —
872 2575 1082 2620 τελέθονται,
1110 2576 1304 2619 τελέθοντο,
1333 2577 1508 2612 τελέθεται
1527 2578 1597 2609 ete.
