1844 3093
834 153 879 157 -
905 131 953 168 23
980 154 1025 158 .-

231 209 411 252 Orusius
455 208 531 262 qui
570 211 667 262 post
703 221 762 249 vs.
796 209 853 250 20
885 208 1087 250 lacunam
1121 221 1215 250 esse
1258 211 1417 262 censet,
1450 221 1621 251 necnon

233 280 366 325 verba
397 279 499 324 LeV.
532 279 646 323 XIX
682 281 749 336 13,
772 280 825 324 οὗ
855 279 917 337 μὴ
958 280 1270 337 κοιμηθήσεται
1302 280 1327 324 ὁ
1357 279 1518 337 μισθὸς
1548 285 1623 324 τοῦ

229 356 456 412 μισθωτοῦ
499 370 579 397 σου
610 356 730 408 παρά
763 371 830 397 σοι
862 381 918 384 --
957 355 1073 397 unde
1106 355 1327 398 derivatur
1359 369 1418 397 vs.
1445 356 1523 407 19;
1558 369 1624 398 se-

234 431 430 484 quuntur
462 427 620 470 deinde
642 427 775 470 verba
797 453 852 457 —
879 428 964 475 ἔως
983 428 1106 483 πρωΐ
1132 441 1243 483 quae
1265 441 1392 472 versu
1427 429 1483 471 22
1518 442 1624 484 quo-

232 502 462 545 dammodo
495 501 701 543 translata
732 505 844 544 sunt.
877 502 937 544 At
973 515 1076 544 vero
1108 515 1167 544 vs.
1192 503 1248 545 20
1272 515 1403 557 quem
1426 502 1624 545 conferre

232 579 355 632 potes
378 588 479 617 cum
499 588 588 630 cap.
611 574 714 629 XX,
740 575 794 616 19
817 575 942 617 Prov.
963 601 1017 605 —
1035 575 1376 619 Ἀποκαλύπτων
1389 577 1626 632 μυστήριον

229 647 456 704 πορεύεται
492 646 610 703 δόλῳ
641 647 727 689 κτλ.
751 673 806 677 -
831 647 1043 689 delendus
1065 661 1153 689 non
1176 651 1251 701 est,
1283 650 1327 689 at
1347 649 1491 703 potius
1523 648 1626 690 alibi

233 736 289 765 ex
321 736 381 777 gr.
416 724 517 763 ante
551 735 611 763 vs.
643 721 713 775 48,
746 723 796 762 ut
826 720 921 762 vult
955 720 1125 775 Geram,
1159 720 1448 775 collocandus,
1478 725 1626 777 utpote

230 797 511 850 praeceptum
540 793 735 835 referens
752 792 916 834 latioris
938 805 1104 847 sensus,
1122 806 1222 835 cum
1244 793 1494 835 huiusmodi
1513 797 1627 835 tran-

229 867 407 922 spositio
437 881 463 908 a
482 867 642 909 misera
672 869 819 908 textus
857 866 1106 908 conditione
1138 866 1318 908 minime
1351 865 1587 909 abhorreat.

348 938 444 981 Vss.
478 938 548 993 22,
581 939 637 980 23
672 937 746 980 cfr.
771 951 870 981 cum
904 938 1028 980 Prow
1057 938 1134 992 ΙΙΙ,
1160 938 1230 992 27,
1254 938 1311 979 28
1336 963 1390 967 -
1414 937 1494 994 Μὴ
1517 938 1624 980 ἀπο-

227 1017 310 1067 σχῇ
341 1012 388 1055 εὖ
419 1016 556 1055 ποιεῖν
586 1012 711 1066 ἕνόεῆ
741 1011 866 1067 ἡνίκα
905 1012 959 1054 ἂν
1000 1012 1076 1067 ἔχῃ
1109 1012 1135 1067 ἡ
1177 1011 1267 1067 χείρ
1310 1027 1390 1054 σου
1428 1011 1621 1067 βοηθεῖν,

227 1085 284 1127 28
308 1111 365 1115 —
386 1083 466 1140 Μὴ
496 1085 626 1141 εἴπης·
649 1083 904 1127 ἐπανελθὼν
925 1083 1126 1139 ἐπάνηκε,
1149 1084 1302 1139 αὔριον
1325 1083 1472 1131 δώσω,
1496 1084 1624 1127 δυνα-

224 1161 301 1200 τοῢ
333 1173 413 1200 σου
445 1157 569 1204 ὄντος
599 1156 647 1200 εὖ
678 1160 826 1199 ποιεῖν·
861 1157 915 1199 οὗ
947 1156 1030 1211 γὰρ
1062 1156 1185 1204 οἶδας
1214 1157 1250 1199 τὶ
1280 1157 1436 1206 τέξεται
1473 1158 1499 1212 ἡ
1537 1157 1624 1199 ἐπι-

226 1233 335 1273 οῦσα
360 1255 416 1260 —-
441 1243 552 1285 quae
584 1229 717 1272 verba
747 1230 794 1271 in
826 1230 1079 1272 memoriam
1110 1230 1316 1285 redigunt
1347 1230 1477 1272 etiam
1500 1243 1626 1271 vsum

233 1304 290 1346 28
315 1329 371 1334 -
394 1303 580 1347 πλοῦτον
616 1304 731 1359 ἔχων
770 1303 850 1360 σὴν
886 1307 1007 1359 χεῖρα
1048 1303 1350 1359 πενητεύουσιν
1390 1304 1546 1382 ὄρεξον
1569 1330 1624 1334 --

225 1389 309 1419 nec
331 1390 420 1420 non
452 1390 581 1419 vsum
620 1377 728 1419 109:

257 1476 313 1480 -—
335 1450 523 1493 πλούτου
554 1449 615 1506 μὴ
637 1427 802 1506 φείδου
833 1421 1019 1507 μέμνησ’
1044 1450 1106 1493 ὅτι
1126 1449 1287 1506 θνητὸς
1308 1450 1514 1506 ὑπάρχεις
1537 1476 1593 1481 —

225 1524 334 1566 illud
365 1537 468 1567 vero
499 1524 625 1567 Prov.
653 1540 672 1562 «
698 1524 751 1567 οὗ
783 1523 865 1579 γὰρ
898 1523 1020 1572 οἷόας
1056 1524 1093 1566 τὶ
1134 1524 1290 1574 τέξεται
1328 1525 1355 1580 ἡ
1393 1524 1612 1567 ἕπιοῦσα>
1601 1541 1619 1563 >>

225 1611 355 1641 versu
389 1598 475 1640 116
509 1600 625 1641 certe
659 1611 937 1654 expressum:

254 1696 313 1713 .—
337 1670 478 1718 οὐδεὶς
510 1670 748 1726 γιγνώσκει,
779 1671 815 1713 τὶ
845 1671 931 1727 μετ’
956 1671 1109 1726 αὔριον
1141 1672 1167 1726 ἢ
1198 1670 1234 1713 τὶ
1253 1670 1354 1726 μεθ’
1376 1671 1511 1725 ὤραν.
1536 1696 1591 1700 -

345 1744 419 1785 Vs.
453 1744 511 1785 24
544 1743 598 1785 ad
630 1743 813 1785 verbum
845 1757 902 1785 ex
939 1744 1052 1785 Isaia
1070 1757 1104 1786 c.
1127 1743 1283 1797 LVIII,
1315 1745 1337 1784 7
1362 1743 1621 1785 translatus:

225 1817 471 1873 Διάθρυπτε
500 1819 697 1861 πεινῶντι
727 1816 801 1861 τὸν
832 1818 964 1874 ἄρτον
995 1833 1088 1867 σου,
1120 1816 1194 1859 καὶ
1224 1820 1413 1873 πτωχοῖς
1433 1816 1625 1872 ἇστέγοις

224 1892 365 1945 εἴσαγε
395 1891 454 1938 εἷς
486 1890 608 1933 οἷκον
640 1907 720 1934 σου
742 1891 816 1934 καὶ
835 1890 997 1947 τυφλὸν
1018 1891 1164 1946 ὁόήγει
1187 1916 1243 1920 —
1267 1890 1343 1932 cfr.
1368 1891 1499 1932 etiam
1520 1890 1622 1933 LeV.

223 1964 349 2019 XIX,
374 1965 429 2006 14
453 1990 510 1994 —
533 1964 586 2007 οὗ
618 1967 772 2013 κακῶς
803 1965 910 2020 ἐρεῖς
940 1962 1098 2019 κωφὸν
1128 1963 1203 2006 καὶ
1233 1963 1433 2006 ἀπέναντι
1460 1963 1624 2019 τυφλοῦ

223 2038 276 2081 οὗ
307 2038 573 2094 προσθήσεις
594 2038 848 2082 σκάνὸαλον.
872 2038 952 2080 Vs.‘
970 2038 1106 2080 26-28
1130 2036 1205 2080 cszr.
1229 2051 1329 2080 cum
1352 2037 1454 2080 LeV.
1478 2037 1624 2091 XXV,

224 2111 281 2152 35
316 2136 372 2140 -
400 2108 504 2153 Ἐὰν
536 2109 583 2153 δὲ
613 2110 789 2167 πένηται
820 2110 845 2153 ὁ
876 2108 1064 2166 ἀδελφός
1101 2125 1180 2152 σου
1215 2109 1241 2152 ὁ
1270 2108 1377 2165 μετὰ
1420 2112 1514 2159 σοῦ,
1552 2110 1625 2152 καὶ

223 2183 468 2239 ἀδυνατήσῃ
503 2188 593 2231 ταῖς
623 2184 743 2240 χερσὶ
773 2183 892 2239 παρὰ
926 2183 1004 2232 σοὶ,
1037 2183 1245 2239 ἀναλήψῃ
1279 2183 1412 2226 αὐτοῦ
1434 2183 1498 2231 ὡς
1517 2200 1626 2239 προ-

223 2254 406 2311 σηλύτου
437 2255 511 2299 καὶ
541 2256 772 2311 παροίκου,
803 2255 877 2298 καὶ
908 2255 1075 2311 ζήσεται
1107 2254 1132 2297 ὁ
1172 2254 1361 2312 ἀδελφός
1403 2272 1483 2299 σου
1519 2255 1625 2312 μετὰ

222 2331 314 2370 σοῦ.
338 2353 394 2358 —-
420 2328 492 2371 Vs.
527 2329 584 2371 30
617 2331 897 2384 praeceptum
928 2327 1063 2370 refert
1095 2327 1233 2370 multa
1263 2329 1311 2370 in
1348 2341 1394 2371 se
1437 2328 1625 2385 comple-

224 2402 345 2443 ctens
378 2400 432 2443 ad
464 2401 578 2444 vitae
613 2401 752 2444 varias
774 2400 1045 2444 conditiones
1079 2403 1348 2456 opportunz'13
1392 2414 1473 2443 vss.
1518 2401 1625 2444 31-4

223 2486 297 2515 eos
329 2474 570 2530 respiciunt
602 2474 677 2530 qui
710 2474 840 2517 armis
874 2476 1066 2516 utuntur.
1089 2472 1240 2516 Lectio
1263 2487 1324 2516 vs.
1349 2475 1404 2517 33
1434 2474 1626 2531 disputa-

222 2547 332 2588 tioni
364 2546 553 2589 obnoxia
586 2551 674 2590 est:
709 2547 939 2590 manifesta
968 2547 1054 2589 loci
1086 2548 1301 2590 sententia
1330 2551 1528 2604 apparet3
1552 2561 1625 2590 ve-

222 2632 322 2661 rum
353 2619 463 2661 illud
484 2646 540 2650 —
562 2619 624 2676 μὴ
647 2620 823 2677 χρῄζοις
845 2646 901 2651 —
925 2619 1125 2662 nonnihil
1147 2621 1445 2677 perspicujtati
1473 2621 1623 2664 officit.
