1844 3093
842 151 886 155 ,-
914 129 958 164 41
988 151 1033 154 -

363 203 554 247 Demum
586 218 761 248 versum
797 206 911 247 175:

403 280 465 336 μὴ
496 281 645 336 μείνης
676 281 857 336 ἄγαμος,
889 281 1050 336 μήπως
1081 281 1284 335 νώνυμος
1316 279 1442 335 ὄληαι

237 354 388 398 confer
420 368 520 396 cum
554 368 643 409 cap.
676 354 749 396 VI.
783 354 848 396 De
880 354 1070 409 Legibus
1103 354 1231 395 Plat:
1271 353 1372 408 Χρὴ
1416 353 1633 407 ἀειγενοῦς

235 429 410 485 φύσεως
442 428 691 483 ἀντέχεσθαι
721 433 784 483 τῷ
814 428 972 475 παῖδας
1002 427 1305 476 καταλείποντι,
1339 426 1402 469 ἀεὶ
1432 431 1495 481 τῷ
1534 425 1636 481 Θεῷ

233 503 441 558 ὗπερέτας
472 503 569 544 ἀνθ’
604 503 736 544 αὑτοῦ
768 501 1058 555 παραδιδόναι
1091 527 1159 554 —,
1191 505 1234 542 et
1256 514 1314 542 vs.
1341 501 1425 542 199
1450 504 1493 542 et
1515 513 1632 555 seqq.

237 590 337 619 cum
370 590 452 618 vss.
489 577 573 618 183
608 579 652 618 et
682 589 799 630 seqq.
831 574 1118 629 Theognidis:

298 648 463 705 Κριοὺς
493 649 573 704 μὲν
603 649 677 692 καὶ
709 649 839 696 ὄνους
872 648 1098 704 διζήμεθα,
1133 647 1289 702 Κύρνε,
1322 647 1396 689 καὶ
1427 648 1585 694 ἵππους

297 724 506 779 εὗγενέας,
540 724 617 767 καί
644 741 703 772 τις
733 723 931 779 βούλεται
962 723 1009 772 ἒξ
1040 722 1225 777 ἀγαθῶν

296 797 532 852 Βήσεσθαι.
554 802 686 852 γῆμαι
710 796 756 839 δὲ
777 795 922 851 κακὴν
944 799 1088 838 κακοῦ
1111 796 1163 837 οὗ
1185 794 1426 849 μελαὸαίνε,

297 869 429 917 ἓσθὸς
460 870 593 925 ἀνηρ,·
616 871 669 926 ἢν
701 870 744 912 οῖ
772 870 972 925 χρήματα
1004 867 1142 911 πολλὰ
1176 868 1295 923 διδῷ.

295 1018 495 1073 χρήματα
528 1017 610 1072 γὰρ
642 1021 793 1072 τιμῶσι
824 1034 864 1059 κ.
896 1034 929 1059 τ.
961 1017 984 1059 λ
986 1050 1247 1058 .......

235 1105 346 1147 quae
380 1094 497 1134 certo
531 1092 692 1134 certius
724 1104 826 1146 prae
860 1076 1183 1133 oculishabuit
1205 1088 1635 1144 Pseudophocylides

236 1166 283 1206 in
316 1165 406 1207 suis
440 1164 637 1207 versibus
671 1164 912 1207 exarandis.

906 1273 976 1316 VI.

356 1371 547 1426 Scriptor
574 1372 866 1425 Phocylideae
890 1375 1010 1414 estne
1029 1372 1388 1414 Alexandrinus?
1412 1371 1476 1413 Ita
1500 1371 1636 1413 sensit

231 1445 320 1500 jam
350 1444 513 1488 Bleeck
544 1444 669 1487 illum
706 1444 1092 1488 «Alexandrinum
1114 1444 1366 1489 Iudaeum»
1394 1443 1633 1501 appellans3

234 1520 295 1560 ita
327 1523 370 1561 et
400 1518 609 1573 Bernays,
643 1519 719 1573 qui
750 1532 827 1574 pro
873 1522 990 1561 certo
1034 1520 1184 1560 statuit
1215 1519 1496 1561 verisimilius
1540 1531 1634 1560 esse

233 1590 446 1633 Iudaeum
477 1591 524 1633 in
556 1591 757 1647 Aegypto
789 1591 933 1647 potius
956 1604 1088 1646 quam
1109 1590 1213 1633 alibi
1235 1603 1286 1634 eo
1310 1603 1450 1646 usque
1473 1589 1633 1632 audere

232 1665 436 1719 potuisse,
470 1667 519 1706 ut
549 1665 809 1707 documenta
836 1665 889 1707 de
911 1666 1154 1720 praeceptis
1172 1665 1331 1707 divinis
1355 1664 1634 1706 observandis

233 1736 443 1780 traderet:
478 1750 530 1780 ea
560 1737 607 1779 in
638 1737 816 1793 regione
850 1751 936 1793 qua
957 1737 1231 1793 potissimum
1253 1737 1467 1779 idolorum
1491 1736 1633 1779 cultus

236 1810 467 1865 expolitior
499 1823 649 1852 omnes
681 1811 795 1852 vitae
828 1824 933 1852 usus
965 1814 1223 1865 pervaserat,
1256 1815 1385 1865 atque
1407 1810 1632 1851 familiaris

234 1882 446 1937 quaedam
480 1883 748 1925 consuetudo
780 1883 896 1926 inter
924 1883 1110 1926 ludaeos
1143 1887 1186 1926 et
1223 1883 1463 1939 Aegyptios
1500 1883 1633 1924 inter-

233 1958 431 2009 cesserat,
465 1958 558 1996 tum
589 1955 830 1997 Alexandri
862 1955 1022 2010 Magni,
1055 1960 1146 1997 tum
1180 1956 1529 1997 Ptolomaeorum
1570 1954 1633 1995 fa-

234 2040 337 2070 vore
371 2030 414 2070 et
445 2028 699 2071 auctoritate
732 2028 890 2071 adiuta.

353 2102 646 2144 Alexandriae
680 2103 798 2144 enim
829 2103 982 2144 Iudaei
1008 2103 1287 2144 multitudine
1311 2106 1354 2144 et
1375 2102 1631 2143 auctoritate

234 2173 440 2229 vigebant
466 2174 546 2216 sub
570 2174 818 2217 Ptolomaeo
842 2174 1002 2234 Sotere‚
1027 2176 1102 2230 qui
1125 2175 1339 2217 coloniam
1369 2174 1633 2216 Iudaeorum

234 2246 486 2300 deduxerat,
519 2251 661 2302 atque,
694 2251 743 2289 ut
773 2249 834 2289 ait
864 2248 1113 2302 Wesseling
1143 2248 1223 2302 (De
1263 2248 1525 2289 Iudaeorum
1568 2262 1634 2289 ar-

235 2318 467 2361 chontibus
500 2345 556 2349 -—
589 2319 697 2362 Trai.
735 2320 848 2362 1738
883 2333 973 2375 cap.
1008 2320 1079 2374 3.⁰)
1113 2320 1237 2375 quasi
1260 2319 1483 2362 civitatem
1504 2320 1551 2361 in
1574 2320 1634 2362 ci-

233 2393 364 2434 vitate
398 2393 654 2446 efficientes,
686 2394 870 2448 propriis
901 2394 1083 2448 legibus,
1118 2395 1365 2436 ethnarchis
1397 2398 1441 2436 et
1462 2396 1634 2450 templo,

234 2464 286 2508 ab
312 2466 543 2522 Aegyptiis
564 2466 760 2523 separati,
784 2465 1027 2509 utebantur.
1051 2466 1206 2523 Ioseph
1229 2468 1392 2523 (Antiq.
1415 2468 1508 2511 Iud.
1533 2467 1633 2523 XII,

235 2539 272 2593 1,
307 2540 349 2593 3)
382 2540 435 2581 de
468 2540 707 2582 Ptolomaei
738 2540 1005 2604 benignitate
1039 2554 1141 2596 erga
1172 2542 1357 2584 Iudaeos
1390 2544 1436 2584 in
1458 2544 1635 2597 Aegyp-

233 2614 326 2654 tum
358 2612 579 2669 abductos,
620 2627 883 2671 quamquam
922 2617 1050 2658 antea
1091 2614 1329 2660 Ierusalem
1375 2616 1472 2660 dolo
1512 2619 1636 2674 capta
