1844 3093
834 147 877 151 A
907 125 953 162 43
981 147 1026 151 A

350 202 603 258 Aegyptum
635 205 781 258 aperte
812 202 1017 257 indicant,
1051 202 1177 245 cuius
1209 214 1351 244 mores
1388 200 1629 257 sepeliendi

229 275 436 319 describit
466 275 590 318 Diod.
617 276 653 330 1,
678 276 731 317 91
760 276 800 330 1).
823 276 934 318 Item
956 276 1002 318 Si
1024 277 1121 331 quis
1142 275 1382 331 perpendat
1404 278 1510 329 quot
1531 288 1626 317 ver-

226 363 300 392 sus
333 353 377 391 et
406 361 524 390 mare
558 351 601 391 et
630 349 828 391 nauticas
859 362 929 391 res
973 353 1225 403 memorent,
1269 361 1464 403 quarum,
1508 347 1626 390 Salo—

227 423 369 464 monis
402 425 595 477 tempore
639 424 833 477 excepto,
872 421 1025 464 Iudaei
1061 421 1408 464 Palaestinenses
1450 433 1627 476 prorsus

227 496 447 537 immunes
477 494 668 548 fuerunt,
699 493 829 536 facile
861 493 1175 536 Alexandriam
1206 493 1253 535 in
1284 493 1539 535 memoriam
1560 505 1626 535 re-

228 567 411 610 vocabit.
444 567 609 610 Versus
642 566 698 608 25
733 579 835 622 erga
865 566 1097 620 naufragos
1119 565 1461 608 misericordiam
1483 565 1629 608 admo-

229 644 315 696 net,
350 640 555 696 quoniam
586 639 804 695 navigatio
838 642 904 682 est
933 639 1119 682 incerta:

346 738 401 742 —-
424 711 634 766 ναυεγοὺς
655 713 876 765 οἴκτειρον,
897 711 987 753 ε’πεὶ
1007 711 1143 757 πλόος
1164 711 1248 752 ἐστὶ
1265 711 1437 765 ἄδηλος.
1462 735 1518 740 ——

229 799 289 828 vs.
325 786 408 828 131
449 802 467 824 <<
491 784 620 827 etiam
641 784 765 827 navis
787 784 1044 840 sapientiam
1065 783 1307 839 gubernare
1330 800 1348 822 »
1376 782 1502 826 dicit:

342 893 860 901 .............
894 859 1024 914 σοφία
1044 858 1118 900 καὶ
1139 862 1220 913 νῆα
1240 858 1433 913 κυβερνᾷ
1455 883 1510 887 ---

229 947 288 975 vs.
325 934 434 975 152:
473 932 631 975 «idem
664 936 730 975 est
761 946 812 975 ac
843 933 1057 975 seminare
1089 933 1136 974 in
1167 934 1299 988 ponto
1332 930 1528 987 improbo
1558 931 1631 973 be—

229 1006 433 1049 nefacere
456 1022 474 1044 »
494 1020 501 1047 :

325 1097 343 1117 «
363 1079 425 1134 μὴ
449 1078 590 1121 κακὸν
612 1077 659 1121 εὖ
681 1079 819 1134 ἔρξῃς·
865 1079 1048 1134 σπείρειν
1070 1080 1162 1120 ἴσον
1183 1078 1264 1120 ἔστ’
1285 1077 1345 1120 ε’νὶ
1374 1077 1523 1132 πόντῳ

230 1152 333 1194 Post
365 1164 539 1193 versum
564 1152 661 1205 159,
685 1152 761 1205 qui
784 1151 890 1193 dicit
912 1163 1005 1193 csse
1027 1151 1071 1191 in
1096 1151 1184 1192 vita
1206 1150 1489 1205 omnigenum
1510 1162 1630 1204 opus,

229 1226 266 1266 si
320 1224 513 1266 laborare
568 1224 769 1278 volueris,
819 1224 961 1265 statim
1003 1224 1143 1279 primo
1187 1223 1282 1265 loco
1327 1222 1629 1278 subjungitur:

234 1314 253 1335 «
275 1295 419 1338 Nauta
451 1309 507 1350 es,
539 1296 744 1351 navigare
777 1296 854 1350 vis,
886 1309 1004 1338 mare
1027 1299 1092 1338 est
1113 1296 1350 1351 spatiosum
1373 1312 1391 1333 »
1427 1320 1482 1324 —
1507 1293 1631 1336 Ναύ-

230 1371 340 1417 τιλος
361 1370 407 1422 εἷ,
430 1370 588 1412 πλώειν
610 1370 778 1424 ἐθέλεις,
801 1371 942 1425 εὐρεῖα
963 1370 1163 1412 ’θάλασσα
1187 1387 1205 1407 >>
1243 1369 1317 1410 Vs.
1344 1370 1418 1410 15:
1452 1394 1509 1398 —
1538 1384 1634 1410 στα-

226 1442 346 1499 θμὸν
376 1443 438 1499 μὴ
476 1443 651 1500 κρούειν
682 1442 934 1499 ἕτερόζυγον
966 1442 1056 1486 ἀλλ’
1089 1444 1181 1486 ἴσον
1212 1442 1347 1486 ἕλκειν
1382 1469 1437 1473 —
1473 1445 1517 1485 et
1548 1456 1629 1484 Vss.

228 1517 335 1558 39-4
343 1518 377 1558 l.

319 1590 511 1633 ἔστωσαν
533 1589 775 1646 δ’ὄμότιμοι
796 1590 1003 1646 ἐπήλυδες
1023 1590 1068 1633 ἓν
1088 1590 1318 1646 πολιήταις.

320 1664 473 1710 άπντες
495 1663 578 1719 γὰρ
602 1664 740 1719 ξενίης
756 1664 1013 1719 πειρωμεθα
1035 1668 1110 1719 τῆς
1128 1663 1460 1718 πολυπλάγκτου

317 1738 441 1792 χώρη
466 1737 563 1779 δὀὔ
586 1753 619 1778 τι
638 1737 816 1792 βέβαιον
837 1738 921 1792 ἔχει
941 1737 1076 1779 πέδον
1099 1737 1407 1791 ἀνθρώποισιν.

228 1809 522 1852 Alexandriae
556 1810 716 1865 optime
750 1810 984 1852 convenire
1018 1823 1149 1864 quam
1180 1809 1458 1864 frequentare
1482 1808 1626 1864 hospi-

227 1886 292 1924 tes
325 1882 531 1936 solebant,
574 1882 724 1937 ibique
757 1882 998 1925 incolarum
1034 1883 1292 1936 judaeorum
1333 1895 1490 1936 magna
1533 1894 1631 1936 pars

226 1954 344 1997 haud
376 1954 508 1997 dubie
541 1957 828 1998 mercaturam
860 1954 1047 2011 gerebat.

352 2031 464 2072 Item
496 2044 556 2072 VS.
591 2031 644 2072 27
683 2056 737 2060 -—
772 2031 897 2073 κοινὰ
928 2032 1050 2085 πάθη
1073 2031 1257 2072 πάντων·
1291 2030 1316 2071 ὁ
1346 2031 1441 2085 βίος
1462 2030 1628 2085 τροχός.

227 2102 406 2149 ἅστατος
427 2101 558 2158 ὄλβος
583 2128 637 2131 -
663 2102 860 2157 symbola
883 2102 1042 2157 quibus
1061 2103 1268 2157 Aegyptii
1285 2101 1520 2144 utebantur
1537 2115 1627 2144 me-

229 2177 377 2216 morat.
411 2173 568 2216 Narrat
599 2175 716 2217 enim
749 2174 880 2217 Clem.
913 2175 1040 2217 Alex.
1074 2174 1225 2217 Strom.
1259 2174 1351 2216 Lib.
1374 2174 1426 2216 V.
1450 2188 1484 2217 c.
1508 2174 1628 2216 VIII.

345 2318 372 2364 ¹)
400 2345 668 2354 ..........
695 2319 812 2354 ἔπειτα
838 2319 899 2355 δ’ὁ’
911 2320 1151 2365 παρασχίστης
1168 2319 1271 2355 λίθον
1295 2320 1391 2365 ἔχων
1416 2319 1624 2355 αι’θιοπικὸν

231 2380 293 2416 καὶ
319 2379 497 2426 διατεμὼν
531 2381 597 2416 ὅσα
630 2381 738 2426 νόμος
773 2380 909 2417 κελεύει
940 2380 1003 2427 τὴν
1036 2380 1153 2427 σάρκα
1189 2380 1362 2427 (νεκροῦ),
1397 2386 1619 2428 παραχρῆμα

231 2442 353 2487 φεύγει
380 2442 506 2487 δρόμῳ
536 2442 745 2477 διωκόντων
772 2446 843 2477 τῶν
868 2442 1137 2487 συμπαρόντων,
1176 2441 1239 2477 καὶ
1264 2442 1379 2481 λίθοις
1405 2442 1622 2488 βαλλόντων,

230 2503 279 2538 ἔτι
305 2502 345 2539 δὲ
370 2503 638 2549 καταρωμένων
663 2503 725 2539 καὶ
751 2502 950 2549 καθαπερεὶ
976 2502 1014 2539 τὸ
1030 2503 1142 2549 μύσος
1164 2504 1212 2544 εἰς
1238 2503 1375 2540 ἐκεῖνον
1399 2504 1622 2550 τρεπόντων;

231 2563 340 2609 quasi
366 2566 411 2598 ut
436 2562 627 2599 cadaveris
645 2563 735 2599 laesi
761 2566 958 2610 peccatum
975 2564 1014 2599 in
1031 2563 1134 2599 hunc
1160 2563 1284 2599 solum
1311 2585 1356 2589 —
1382 2565 1624 2610 παρασχίστην

233 2644 278 2649 -
297 2621 488 2667 recideret,
521 2622 621 2659 unde
639 2623 831 2671 colligitur
847 2626 885 2659 et
902 2623 993 2671 ipsis
1012 2623 1210 2672 Aegyptiis
1229 2622 1403 2661 odiosum
1421 2635 1501 2659 esse
1517 2622 1620 2659 hunc
