1844 3093
832 155 1021 191 *12—

220 235 436 278 conflatus
458 237 524 277 est
554 235 619 289 (ut
648 232 848 289 plurimis
881 230 1073 282 eruditis,
1097 229 1226 272 hodie
1248 228 1479 285 probatur),
1506 240 1628 283 prae-

222 309 480 353 cedentibus
525 308 677 351 saltem
717 305 903 349 saeculis
946 303 1293 361 Pseudophocyl.
1332 302 1513 358 γνώμας
1557 302 1631 344 tri-

226 384 447 426 buendas:

375 457 415 512 γ)
447 456 546 498 Non
579 455 707 497 modo
743 468 824 496 vss.
860 453 965 495 5-99
999 449 1632 507 Pseudophocylidisinterpo-

220 531 344 586 lasse,
378 530 455 573 sed
488 530 619 572 etiam
651 528 757 570 alios
790 540 943 569 versus
979 526 1196 567 imitatum
1240 537 1334 567 esse
1378 523 1633 579 scriptorem

222 603 406 645 secundi
455 601 606 656 Sibyll.
648 600 760 655 libri,
806 599 923 654 quod
964 598 1155 640 maxime
1198 597 1252 639 ad
1294 609 1445 639 eorum
1496 594 1633 637 fidem

224 676 341 718 facit.

336 749 546 804 Bernays
579 762 604 790 a
637 747 826 802 quodam
858 745 1091 801 byzantino
1114 744 1394 800 grammatico
1418 742 1526 785 duos
1547 742 1634 797 pri-

224 835 368 864 mores
401 834 554 864 versus
587 821 909 863 consarcinatos
941 821 1074 874 putat,
1108 818 1291 872 eiusque
1318 816 1534 859 sententia
1565 815 1633 857 his

224 895 418 938 roborari
450 894 718 950 argumentis
749 895 914 948 potest:

376 969 420 1023 α)
451 968 598 1010 Huius
631 966 800 1009 exordii
834 965 968 1007 oratio
1002 964 1129 1006 exilis
1163 966 1228 1006 est
1264 966 1307 1005 et
1344 962 1487 1005 verbis
1530 963 1633 1004 satis

224 1041 443 1096 languidis
481 1043 696 1093 contexta,
730 1039 835 1080 dum
871 1041 1024 1093 poema
1057 1040 1283 1079 venustate
1321 1035 1508 1090 quadam
1544 1049 1632 1077 non

225 1119 352 1158 caret.

377 1189 420 1243 β)
455 1188 500 1230 Si
533 1187 665 1228 huius
697 1185 907 1241 poematis
938 1184 1122 1239 scriptor
1142 1184 1250 1238 (ipse
1272 1182 1470 1237 Bernays
1492 1182 1566 1235 ait)
1588 1195 1634 1224 se

230 1279 248 1299 «
282 1260 543 1315 Φωκυλίδην
575 1259 752 1313 ἀνδρῶν
783 1256 857 1300 τὸν
888 1257 1144 1312 σοφώτατον
1168 1272 1187 1294 >>
1229 1254 1497 1310 appellasset,
1538 1254 1632 1309 ipse

225 1334 436 1389 fraudem,
471 1346 602 1389 quam
635 1335 750 1374 esset
779 1330 967 1385 molitus,
1001 1332 1158 1386 aperte,
1192 1328 1322 1370 nimis
1366 1327 1549 1371 candide
1583 1341 1633 1370 ac

228 1408 331 1449 satis
365 1406 611 1449 inconsulte
643 1405 866 1461 professus
899 1407 1022 1446 esset.

381 1482 421 1534 y)
465 1479 593 1522 Unus
638 1492 694 1520 ex
738 1477 876 1519 tribus
915 1476 1140 1519 codicibus
1182 1475 1482 1517 Ambrosia-nis
1525 1474 1634 1516 duos

228 1552 440 1607 primores
472 1563 625 1593 versus
657 1548 884 1592 intervallo
918 1548 1106 1603 quodam
1139 1561 1164 1589 a
1195 1547 1376 1602 reliquis
1409 1546 1634 1588 distinctos

229 1624 418 1680 praebet.
452 1624 591 1665 Immo
623 1624 669 1664 in
703 1623 784 1664 isto
811 1621 961 1664 codice
984 1621 1058 1663 alii
1079 1634 1232 1663 versus
1253 1619 1429 1675 jambici
1452 1619 1498 1660 in
1520 1619 1635 1661 Pho-

233 1698 391 1751 cylidis
425 1697 635 1737 honorem
667 1694 933 1736 antecedunt
958 1695 998 1747 l).
1033 1694 1173 1748 Igitur
1195 1692 1392 1746 Bernays
1415 1705 1590 1734 carmen
1612 1705 1637 1733 a

233 1784 365 1814 versu
399 1771 424 1812 3
458 1769 635 1811 initium
668 1781 822 1824 capere
852 1767 1064 1823 opinatur.

355 1842 595 1896 Bel-nardy‚
636 1842 795 1883 Goram
833 1844 876 1882 et
908 1841 981 1881 alii
1015 1840 1174 1881 eruditi
1206 1842 1347 1880 totum
1382 1838 1635 1893 proemium,

232 1916 347 1959 idest
380 1918 546 1971 septem
579 1915 791 1971 primores
824 1926 977 1956 versus
1009 1911 1279 1967 abjiciendos
1305 1911 1484 1966 malunt,
1505 1913 1635 1965 atque

233 1994 388 2045 poema
423 2002 551 2030 versu
584 1989 611 2029 8
645 2013 702 2017 —
735 1989 889 2042 πρῶτα
920 1984 1028 2028 θεὸν
1059 1986 1171 2040 τίμα,
1208 1985 1425 2039 μετέπειτα
1460 1983 1507 2026 δὲ
1549 1986 1636 2025 σεῖο

352 2283 379 2326 l)
407 2303 452 2306 —
479 2283 602 2327 Στίχοι
629 2281 678 2320 εἷς
701 2280 764 2326 ,τὸν
796 2278 1013 2323 Φωκυλίδην
1040 2297 1085 2300 ——-

395 2344 437 2382 eO
465 2343 682 2389 Φωκυλίδης
708 2342 867 2387 εὐπρεπῆ
893 2341 1001 2386 ζῆσας
1026 2339 1106 2386 βίον

400 2406 450 2445 ὥς
476 2406 740 2451 χριςτομύστης,
768 2404 819 2442 ὡς
844 2403 1036 2441 ἀπόστολος
1062 2401 1183 2447 μέγας,

402 2467 452 2507 ὥς
479 2464 759 2512 ἀκροατὴςῇτῶν
789 2465 882 2501 Θεοῦ
909 2463 1141 2509 θεπισμάτων

401 2529 463 2563 καὶ
489 2527 719 2573 μυσταγωγὸς
746 2532 818 2562 τῶν
843 2515 998 2571 ἆρίστὼν
1022 2524 1222 2570 πρακτέων,

402 2589 640 2635 εὐαγγελικῶς
666 2593 773 2623 ταῦτα
799 2587 906 2628 λαλεῖ,
933 2586 995 2621 καὶ
1021 2585 1161 2631 γράφει,

402 2650 580 2695 εὔχρηστα
608 2649 821 2695 τυγχάνοντα
848 2653 918 2686 τοῖς
944 2647 981 2682 ἐν
1007 2652 1060 2692 τῷ
1076 2646 1159 2692 βίῳ.
