1844 3093
836 142 881 146 —
907 120 954 157 40
985 142 1026 146 -

227 209 380 238 versus
416 196 565 250 144-6,
599 198 649 237 ut
680 208 811 251 supra
843 195 1048 250 diximus,
1083 208 1106 238 e
1129 195 1207 238 Sir.
1240 194 1351 237 libro
1385 195 1630 253 deprompti

226 270 324 324 sint,
359 284 418 312 vs.
455 270 541 311 144
577 272 750 311 tamen:

378 343 425 392 ἒξ
456 343 602 397 ὀλίγου
635 342 877 397 σπινθῆρος
909 342 1158 397 ἀθέσφατος
1190 342 1355 384 αἴθεται
1386 342 1478 397 ὕλη.

232 415 451 458 conflatur
482 415 635 457 iisdem
670 414 762 456 fere
785 415 930 457 verbis
955 414 1114 469 quibus
1136 414 1353 456 Pindarus
1385 414 1527 470 (Pyth.
1551 415 1628 470 III,

229 491 301 539 35)
321 505 329 532 :
350 516 407 520 ——
426 490 500 532 καὶ
518 489 720 544 γειτόνων
742 488 893 531 πολλοὶ
914 490 1119 543 ἐπαῦρον,
1137 489 1229 542 ἁμᾶ
1246 487 1281 530 δ’
1300 488 1508 542 ἔφθαρεν,
1525 489 1628 531 πολ-

227 563 305 606 λὰν
339 563 475 619 δ’ὅρει
506 567 595 618 πῦρ
618 562 665 612 ἐξ
687 561 783 611 ἑνὸς
805 562 1050 618 σπέρματος
1072 559 1261 617 ἐνθορὸν
1283 559 1488 604 ἀΐστωσεν
1519 561 1627 605 ὕλαν

351 637 542 680 Versum
578 637 662 678 162
685 651 692 678 :

320 710 423 753 οὐδὲ
455 711 556 753 ἄνευ
588 710 788 766 καμάτου
820 709 934 752 πέλει
966 709 1173 765 ἀνδράσιν
1204 708 1373 756 εὐπετὲς
1404 710 1533 764 ἔργον

229 785 463 826 scholiasta
494 785 795 839 Hermogenes
827 784 966 838 (Rhet.
998 784 1040 824 Τ.
1074 783 1126 825 V.
1158 784 1263 837 441)
1285 786 1507 838 tamquam
1537 797 1629 825 ora-

233 858 321 900 culi
355 858 573 914 Apollinis
606 857 767 900 Milesii
798 857 1033 900 dictionem
1062 857 1191 899 affert
1216 857 1257 912 2),
1281 857 1487 912 quocirca-
1506 860 1632 913 poeta

230 935 374 973 motus
408 934 482 986 est,
513 935 560 973 ut
592 932 722 973 etiam
745 944 921 973 versum
946 931 1030 972 163
1055 933 1333 973 annecteret:
1369 931 1462 972 οὐδ’
1488 930 1632 978 αὐτοῖς

234 1007 478 1061 μακάρεσσι
519 1020 526 1027 ·
559 1006 696 1053 πόνος
728 1005 925 1061 δ’ἀρετὴν
955 1006 1046 1060 μέγ’
1088 1005 1266 1061 ὀφέλλει,
1300 1019 1491 1060 quocum
1522 1005 1631 1046 illud

231 1080 547 1122 conferendum
568 1080 900 1122 celeberrimum
916 1079 1118 1121 Hesiodi:
1140 1105 1195 1108 —
1213 1083 1287 1134 τῆς
1301 1079 1452 1134 ἀρετῆς
1469 1078 1629 1134 ἱδρῶτα

232 1154 329 1197 θεοὶ
350 1154 656 1210 προπάροιθεν
678 1154 847 1210 ἔθηκαν
867 1153 1078 1196 ἀθάνατοι
1095 1169 1165 1206 -;
1186 1156 1230 1195 et
1250 1152 1359 1195 illud
1380 1152 1632 1208 Epicharmi

232 1228 347 1283 apud
380 1228 721 1282 Xenophontem
764 1227 908 1282 (Mem.
951 1227 1006 1280 II,
1053 1227 1090 1280 1,
1137 1227 1221 1280 20),
1266 1251 1323 1255 -—
1362 1229 1449 1268 τῶν
1479 1225 1632 1268 πόνων

231 1301 464 1349 πολοῦντες
495 1300 633 1343 πάντα
666 1300 820 1355 τάγάθ’
846 1299 947 1356 ἁμὶν
968 1299 1031 1343 τοὶ
1062 1299 1159 1343 θεοὶ
1182 1325 1250 1342 ——.
1284 1298 1525 1342 Locutione
1558 1299 1631 1342 illa

230 1374 429 1428 μάκαρες
460 1387 613 1416 versus
649 1374 733 1415 163
767 1372 1200 1428 Pseudophocylides
1230 1372 1536 1427 adsignificare
1561 1386 1631 1414 co-

231 1449 360 1490 natus
394 1450 468 1502 est,
503 1450 551 1489 ut
584 1447 744 1503 optime
766 1445 965 1502 Bernays
986 1445 1302 1501 animadvertit,
1335 1445 1535 1502 ingentes
1556 1459 1631 1488 na-

231 1525 354 1563 turae
388 1522 514 1575 vires,
549 1535 656 1576 quas
689 1521 826 1562 veluti
858 1524 1058 1562 actuosos
1079 1520 1161 1562 Dei
1184 1521 1405 1561 ministros
1438 1520 1508 1561 vel
1531 1533 1631 1575 ope—

231 1595 367 1637 rarios
391 1594 577 1650 effingit,
612 1594 738 1637 cuius
760 1594 974 1636 voluntati
996 1593 1325 1649 obsequuntur,
1349 1592 1482 1649 idque
1503 1593 1629 1648 juxta

232 1667 388 1709 Psalm.
428 1667 525 1721 104,
559 1668 610 1708 4:
647 1693 702 1696 -—
737 1666 762 1708 ὁ
793 1669 1041 1721 περιπατῶν
1083 1666 1151 1708 ἐπὶ
1188 1666 1375 1721 ἀνέμων,
1420 1665 1445 1707 ὁ
1489 1669 1630 1709 ποιῶν

230 1739 330 1788 τοὺς
362 1740 570 1796 ἀγγέλους
603 1740 735 1782 αὐτοῦ
767 1739 989 1794 πνεύματα
1028 1756 1067 1782 κ.
1109 1755 1141 1781 τ.
1185 1739 1219 1781 λ.
1253 1738 1380 1791 Quod
1413 1739 1542 1782 etiam
1583 1739 1630 1781 in

231 1827 313 1855 vss.
350 1816 456 1856 70-5
492 1815 669 1856 evenire
703 1813 911 1855 credibile
946 1817 1020 1867 est,
1053 1813 1131 1854 ubi
1161 1813 1277 1864 luna,
1312 1813 1493 1867 coelum,
1517 1816 1630 1855 terra

231 1887 378 1940 maria,
411 1887 598 1928 flumina
636 1886 904 1941 «οὐρανίδαι
926 1904 944 1924 >>
996 1889 1039 1928 et
1081 1902 1100 1924 «
1120 1885 1318 1941 μάκαρες
1339 1903 1357 1924 >>
1407 1885 1624 1928 dicuntur.

231 1958 421 2014 Olympii
458 1960 577 2000 enim
610 1961 758 2000 contra
797 1975 815 1996 «
839 1958 908 2012 ῥεῖ
934 1958 1119 2007 ζώοντες
1140 1975 1158 1996 >>
1196 1958 1313 1999 curis
1352 1958 1628 2013 negotiisque

232 2032 385 2088 procul
419 2032 594 2089 degunt.

234 2142 414 2187 ὀξυβελεῖς
439 2147 556 2187 χαῖται
582 2141 708 2180 νώτοις
726 2141 784 2176 ἔπι
801 2141 1008 2186 πεφρίκασι,
1027 2141 1090 2176 καὶ
1107 2141 1338 2186 ὖποόέδεχται
1356 2141 1418 2176 καὶ
1436 2141 1626 2186 ἠμφίεσται

239 2203 359 2249 φολίσι
386 2203 448 2239 καὶ
473 2202 629 2249 λάχναις,
664 2202 726 2238 καὶ
757 2202 884 2249 χηλαῖς
921 2202 984 2238 καὶ
1017 2201 1139 2242 ὁπλαῖς
1174 2201 1387 2248 ἀποκρότοις
1414 2223 1428 2229 -
1453 2203 1563 2248 μόνος
1590 2201 1629 2238 δὲ

235 2265 430 2308 ἄνθρωπος
456 2263 548 2299 κατὰ
574 2264 766 2305 Πλάτωνα,
793 2263 924 2308 γυμνὸς
958 2263 1013 2298 εαὶ
1045 2263 1196 2302 ἄνοπλος
1231 2263 1293 2298 καὶ
1327 2263 1542 2302 ἀνυπόδετος
1567 2265 1634 2298 καί

235 2324 415 2369 ἄστρωτος
441 2324 510 2360 ὑπὸ
535 2329 596 2370 τῆς
622 2324 769 2370 φύσεως
795 2323 1049 2367 ἀπολέλειπται,
1077 2323 1149 2359 ἀλλ’
1166 2323 1203 2359 ἕν
1229 2323 1378 2360 διδοῦσα
1403 2322 1515 2360 πάντα
1540 2323 1628 2369 μαλ-

234 2385 360 2419 θάσσει
386 2384 478 2419 κατὰ
504 2385 563 2419 τὸν
589 2384 756 2429 λογισμὸν
782 2385 843 2419 καὶ
870 2384 934 2430 τὴν
959 2384 1158 2429 ἐπιμέλειαν
1183 2385 1245 2419 καὶ
1271 2384 1334 2429 τὴν
1358 2385 1538 2428 πρόνοιαν.

350 2442 378 2488 ²)
405 2442 512 2478 Num
538 2442 646 2486 forte,
673 2442 727 2478 ait
752 2442 907 2486 Goram,
942 2442 1091 2478 Milesio
1125 2442 1180 2477 illi
1214 2442 1367 2478 oraculo
1392 2441 1629 2478 necessitudo

235 2502 421 2550 quaedam
448 2514 536 2539 cum
562 2504 720 2550 antiquo
747 2502 953 2549 Phocylide
978 2503 1218 2539 intercessit?

347 2565 430 2610 Ego
455 2575 531 2600 non
558 2563 692 2600 dubito
718 2564 811 2611 quin
836 2564 898 2599 hic
924 2576 1053 2600 versus
1080 2564 1128 2600 ab
1155 2564 1313 2611 antiquo
1338 2566 1450 2611 poeta
1481 2564 1630 2599 Milesio

234 2623 428 2661 adhibitus
456 2624 582 2661 fuerit.
