1844 3093
267 199 311 239 et
333 209 435 239 cum
459 208 545 250 seq.
575 207 716 237 accus.
735 196 779 236 et
797 175 833 245 Ι7
846 215 862 222 -
879 180 959 258 ῬὩ
977 215 993 222 -
1011 194 1051 245 3
1072 219 1129 224 -
1144 194 1376 249 mandavit,
1399 191 1669 237 concredidit

265 270 408 322 alicui,
441 268 603 310 alicubi
635 267 863 322 deponere,
907 267 1084 309 alterius
1131 281 1260 309 curae
1305 268 1575 309 committere
1608 292 1664 295 —

270 340 526 393 Gesenius);
551 351 684 394 quare
707 338 868 381 locutio
891 339 1134 395 παραθήκη
1160 339 1210 381 ad
1245 352 1338 381 rem
1363 339 1665 381 mercatoriam

265 414 456 454 maxime
489 413 653 453 attinet.
685 411 884 465 Bernays
916 425 995 466 pro
1023 428 1042 449 «
1061 412 1304 467 παραθήκη
1325 429 1344 451 >>
1381 413 1515 453 sumit
1548 428 1566 449 «
1582 427 1665 452 πα-

264 485 442 542 ρθεσίην
463 483 741 541 (παραθεσία)
767 508 824 513 —-
853 496 1106 539 comparans
1124 482 1388 525 Dioscoridis
1403 483 1667 539 epigramma

264 558 329 613 (A.
357 557 404 599 P.
432 556 529 610 VII,
563 557 647 611 37).
676 556 865 598 Videtur
884 555 1074 611 Bergkio
1101 559 1236 611 poe'ta,
1271 557 1474 611 quoniam
1504 556 1665 611 proprii

268 628 468 671 vocabuli
502 628 642 670 forma
674 628 966 684 -—⁴na919⁷jmy
1002 653 1058 657 —
1092 641 1179 669 non
1213 631 1327 670 esset
1357 628 1403 669 in
1436 641 1531 682 usu,
1577 642 1665 669 ma—

267 703 400 744 luisse
432 702 674 756 παρθεσίην
707 701 877 743 dicere:
902 700 1101 742 similiter
1132 701 1303 754 jonicus
1336 702 1519 755 scriptor
1550 701 1665 755 apud

267 774 474 817 Stobeum
494 773 707 828 XXVIII,
743 774 797 814 18
832 798 888 802 -
922 773 967 815 ἒν
997 774 1237 828 παραθέσει
1270 798 1326 802 —-
1351 773 1472 827 dixit,
1506 773 1663 815 deinde

267 847 539 902 παραθήκην
564 846 606 900 1).
642 845 793 901 Τηρεῖν
814 846 1089 901 παραθήκην
1110 845 1272 887 locutio
1295 858 1451 901 graeca
1472 849 1537 887 est
1556 860 1565 898 3
1590 845 1666 887 cfr.

265 919 372 961 Isoc.
402 918 454 961 ad
478 918 648 961 Demon
668 919 725 974 (p.
750 918 788 960 6.
822 918 974 973 steph.)
996 943 1053 947 —
1075 918 1239 974 μᾶλλον
1259 919 1374 975 τήρει
1394 917 1468 965 τὰς
1489 921 1575 961 τῶν
1596 918 1665 960 λό-

267 1007 358 1046 γων
387 993 413 1046 ἢ
435 991 508 1038 τὰς
528 995 616 1033 τῶν
636 991 875 1047 χρημάτων
902 991 1293 1046 παρακαταθήκας.
1318 1016 1374 1020 -
1402 990 1587 1046 Ἀγάπην
1610 1016 1664 1020 -

268 1064 429 1120 optimo
456 1064 552 1119 jure
586 1064 634 1105 in
655 1089 711 1093 ——
733 1063 868 1106 πίστιν
890 1089 946 1093 —
970 1066 1185 1105 mutatum
1206 1064 1324 1120 (cum
1344 1064 1432 1119 jam
1455 1063 1665 1106 Stobaeus

270 1141 314 1178 et
343 1136 470 1178 multi
503 1136 625 1178 codd.
659 1137 771 1178 hanc
802 1136 1039 1191 praebeant
1069 1136 1329 1191 lectionem),
1363 1150 1418 1179 ex
1453 1135 1576 1178 Orac.
1600 1136 1669 1178 Si-

266 1208 369 1263 byll.
402 1208 512 1250 libro
545 1208 629 1264 11.⁰‚
652 1209 778 1251 cuius
810 1209 994 1264 scriptor
1022 1209 1283 1251 christianus
1307 1221 1481 1251 versum
1516 1210 1583 1263 13,
1618 1212 1666 1250 ut

266 1294 397 1336 supra
438 1281 680 1336 retulimus,
726 1280 925 1335 confecit,
970 1281 1214 1323 derivatum
1253 1285 1466 1324 censetur.
1504 1281 1665 1323 Versus

269 1355 323 1395 31
363 1378 417 1383 —
451 1354 557 1409 αἷμα
582 1353 629 1396 δὲ
648 1353 709 1410 μὴ
734 1358 900 1409 φαγεῖν,
932 1354 1238 1397 εἰδωλοθύτων
1268 1355 1506 1410 ἀπέχεσθαι
1537 1379 1590 1384 —-
1619 1354 1666 1394 in

266 1428 520 1469 memoriam
551 1431 727 1469 revocat
758 1427 874 1482 quod
905 1428 953 1468 in
979 1428 1031 1469 Ι.ο
1060 1428 1245 1469 concilio
1272 1429 1421 1483 Apost.
1443 1428 1664 1482 Jerosoly-

268 1500 431 1542 mitano
464 1501 680 1543 sancitum
703 1504 804 1555 erat,
838 1500 1033 1554 scilicet,
1070 1526 1126 1530 -—
1159 1501 1397 1557 ἀπέχεσθαι
1428 1500 1668 1543 εἰδωλοθύ-

269 1590 356 1616 των
388 1574 462 1617 καὶ
496 1575 675 1630 αἵματος
697 1574 771 1617 καὶ
791 1579 944 1616 πικτοῢ
966 1575 1041 1616 καὶ
1062 1576 1265 1630 πορνείας
1285 1592 1324 1617 κ.
1355 1591 1387 1616 τ.
1410 1575 1445 1617 λ.
1474 1576 1667 1631 (πράξεις

268 1649 356 1688 τῶν
387 1647 589 1689 ἀποστόλ.
621 1646 720 1688 XV.
754 1647 838 1701 23).

389 1719 474 1762 Sed
518 1720 606 1773 jam
647 1720 844 1775 Bernays
884 1721 1003 1762 hunc
1046 1734 1220 1763 versum
1253 1735 1278 1762 a
1310 1721 1497 1775 quodam
1538 1720 1663 1762 Chri-

267 1793 407 1834 stiano
440 1793 660 1847 adJ'ectum
691 1797 825 1850 putat,
860 1806 1050 1849 eumque
1082 1794 1225 1849 rejicit
1257 1798 1305 1835 ut
1326 1794 1378 1836 ab
1403 1794 1533 1835 huius
1565 1798 1666 1850 poe-

268 1866 394 1906 matis
426 1866 628 1907 instituto
659 1878 836 1920 prorsus
868 1866 1071 1920 alienum,
1101 1868 1227 1908 cuius
1250 1867 1443 1920 scriptor,
1466 1879 1545 1907 suo
1569 1867 1665 1920 qui-

268 1936 365 1978 dem
408 1937 585 1991 judicio,
629 1950 846 1992 nusquam
885 1941 1031 1993 aperte
1064 1951 1244 1993 graecae
1287 1939 1408 1993 genti
1440 1951 1562 1979 sacra
1599 1951 1665 1980 re-

267 2010 508 2065 prehendit.
542 2011 773 2054 Praeterea
805 2012 1009 2054 eumdem
1043 2025 1213 2054 versum
1236 2016 1354 2054 recte
1376 2015 1476 2053 ante
1510 2025 1569 2053 vs.
1604 2012 1661 2053 32

267 2084 451 2141 scriptor
473 2083 594 2127 Orac.
626 2084 761 2128 Sibill.
793 2086 943 2142 ponit;
979 2086 1066 2141 qui,
1100 2099 1201 2129 cum
1224 2099 1284 2128 vs.
1307 2087 1363 2129 30
1387 2087 1496 2129 ἔστω
1519 2085 1666 2134 κοινὸς

267 2158 382 2205 ἅπας
413 2158 438 2200 ὅ
468 2159 563 2213 βίος
584 2158 682 2207 κτλ,
715 2162 764 2200 ut
796 2171 927 2214 supra
958 2159 1160 2214 vidimus,
1184 2159 1503 2214 explanationis
1536 2173 1666 2201 causa

268 2230 423 2273 leviter
454 2231 736 2287 immutasset,
769 2231 928 2286 adJ'ecit
959 2245 1076 2287 seqq.
1110 2245 1291 2275 versus:

301 2303 486 2361 Μήποτε
517 2304 656 2361 ἄνδρα
687 2305 847 2361 πένητα
880 2305 987 2347 ἰδὼν
1019 2305 1207 2362 σκώψῃς
1240 2306 1416 2355 ἓπέεσιν,

299 2377 431 2435 Μηδὲ
461 2382 613 2426 κακῶς
647 2395 694 2434 γε
724 2379 977 2435 προσέρπῃς
1006 2380 1220 2436 μώμητόν
1251 2397 1341 2423 τινα
1374 2385 1512 2437 φῶτα.

306 2451 363 2493 Τὸ
396 2452 475 2507 ζῆν
507 2451 552 2493 ἓν
582 2452 762 2508 θανάτῳ
795 2451 1080 2508 δοκιμάζεται·
1114 2455 1157 2496 εἴ
1181 2470 1240 2502 τις
1272 2455 1458 2510 ἔπραξεν

386 2616 412 2659 ¹)
428 2616 567 2652 Forma
579 2616 725 2664 integra
741 2632 756 2648 «
771 2617 994 2665 παραθήκην
1011 2632 1025 2649 n
1042 2621 1099 2652 est
1112 2617 1151 2652 in
1165 2628 1274 2652 versu
1290 2617 1358 2652 135
1378 2615 1592 2665 Pseudoph.
