1844 3093
834 178 879 181 -
906 155 953 190 26
981 179 1026 182 fi

229 258 284 261 —
309 231 427 278 οἶνος
447 231 522 273 καὶ
542 235 741 285 γυναῖκες
762 231 1054 286 ἀποστήσουσι
1076 233 1287 279 συνετούς.
1312 258 1368 262 —
1392 233 1488 275 Vss.
1514 235 1633 276 65-7:

227 332 282 336 —
322 305 452 361 ζῆλος
491 307 579 347 τῶν
620 305 792 348 ἐσθλῶν
836 305 1018 360 ἀγαθὸς,
1055 305 1240 361 φαύλων
1285 305 1333 350 δὲ
1373 306 1547 363 ἀίδηλος

323 379 469 434 Τόλμα
501 382 658 421 κακῶν
690 380 794 434 ὀλοή
826 380 919 434 μέγ’
960 380 1127 435 ὀφέλλει
1170 380 1212 423 δ’
1236 380 1370 424 ἐσθλὰ
1411 384 1635 431 πονεῢντα,

320 451 479 508 σεμνὸς
493 452 607 508 ἔρως
624 452 787 508 ἀρετῆς·
806 453 831 496 ὁ
861 452 908 496 δὲ
928 452 1156 509 Κύπριδος
1193 452 1343 510 αἶσχος
1384 454 1551 510 ὀφέλλει
1580 481 1636 486 —

222 527 384 569 confer.
409 540 511 586 oum
546 526 641 581 Sap.
675 526 754 580 III⁷
789 527 844 567 15
869 553 925 557 —
949 528 1136 581 ἀγαθῶν
1167 527 1249 582 γὰρ
1280 527 1433 570 πόνων
1464 527 1637 582 καρπὸς

222 598 400 655 εὐκλεὴς
431 598 505 641 καὶ
536 598 832 647 ἀόιάπτωντος
865 600 892 655 ἡ
925 599 1020 654 ῥίζα
1047 604 1121 655 τῆς
1142 600 1401 656 φρονήσεως
1413 634 1537 643 ......
1566 614 1632 643 se-

225 676 422 727 quuntur
445 673 578 715 verba
600 699 657 702 —
679 673 807 715 τέκνα
831 673 878 715 δὲ
898 677 1069 728 μοιχῶν
1090 673 1284 716 ἀτέλεστα
1307 674 1421 716 ἔσται
1443 700 1499 704 -
1524 688 1635 729 quae

224 747 372 790 versui
392 747 478 789 178
495 749 656 790 certam
672 747 886 803 originem
898 747 1121 806 praebent2
1137 747 1289 790 confer
1303 750 1528 804 praeterea
1539 747 1634 804 Sap.

222 821 297 871 IV,
334 821 381 861 1:
416 846 472 850 ——
506 820 734 875 Κρείσσων
766 820 934 862 ἀτεκνία
967 819 1073 874 μετὰ
1106 821 1270 876 ἀρετῆς,
1304 821 1521 863 ἀθανασία
1550 821 1633 875 γάρ

222 894 306 936 ἔστι
338 894 384 936 ἒν
412 894 563 950 μνήμῃ
587 894 729 949 αὐτῆς,
752 893 813 935 ὅτι
834 893 954 949 παρὰ
983 893 1097 937 Θεοῦ
1119 893 1398 948 γιγνώσκεται
1418 893 1493 936 καὶ
1512 893 1633 949 παρὰ

226 968 484 1022 ἀνθρώποις
515 968 599 1020 (ψ
623 966 780 1022 σεμνὸς
812 968 926 1020 ἔρως
957 967 1110 1022 ἀρετῆς
1132 967 1213 1020 ——)
1244 967 1473 1021 παροῦσάν
1493 984 1536 1010 τε
1566 984 1634 1021 μι-

221 1044 404 1094 μοῦνται
451 1040 596 1095 αὐτὴν,
646 1040 720 1082 καὶ
762 1040 979 1082 ποθοῦσιν
1022 1040 1312 1083 ἀπελθοῦσαν.
1356 1040 1431 1082 καὶ
1479 1040 1525 1082 ἐν
1571 1045 1634 1094 τῷ

222 1113 346 1156 αι’ώνι
379 1116 709 1169 στεφανηροῦσα
741 1113 968 1165 πομπεύει,
1001 1112 1075 1155 τὸν
1106 1116 1194 1156 τῶν
1225 1113 1446 1168 ἀμιάντων
1478 1113 1631 1155 ἄθλων

220 1180 370 1241 ἀγῶνα
404 1189 628 1243 νικήσασα.
654 1213 709 1217 -
732 1187 979 1241 πολύγονον
1011 1187 1185 1242 ἀσεβῶν
1215 1187 1387 1243 πλῆθος
1408 1188 1462 1230 οὗ
1484 1203 1630 1243 χρησι-

220 1261 379 1317 μεύσει,
422 1261 496 1304 καὶ
538 1261 586 1304 ἒκ
633 1260 774 1303 νόθου
806 1260 1125 1316 μοσκευμάτων
1157 1260 1210 1304 οὗ
1243 1260 1373 1304 ὀώσει
1411 1260 1533 1315 ῥίζαν
1575 1261 1633 1308 εἷς

220 1335 376 1389 βάθος,
410 1334 514 1376 οὐδὲ
545 1334 721 1389 ἀσφαλῆ
751 1334 877 1388 βάσιν
910 1334 1079 1388 ἕόράσει
1110 1334 1222 1376 κ.τ.λ.
1257 1360 1313 1364 —
1349 1347 1461 1389 quae
1500 1334 1634 1376 verba

223 1411 266 1450 et
298 1407 813 1464 agonisticumtoolorem
847 1406 1079 1449 verborum
1115 1407 1256 1462 ζῆλος,
1297 1405 1447 1461 τόλμα,
1473 1410 1632 1456 πονεῖν,

220 1481 370 1537 αἶσχος
402 1481 569 1536 ὀφέλλει
602 1481 746 1522 statim
781 1480 1027 1532 ostendunt,
1062 1484 1105 1523 et
1140 1480 1328 1523 Veneris
1361 1480 1497 1522 amori
1518 1494 1634 1522 amo-

218 1568 312 1596 rem
345 1555 519 1596 virtutis
552 1557 788 1609 opponunt.
812 1554 1002 1596 Versum
1025 1554 1080 1596 68
1106 1553 1265 1596 Goram
1291 1553 1409 1607 (XV)
1441 1553 1505 1596 sio
1540 1567 1633 1596 cor-

220 1628 346 1683 rigit:
393 1653 449 1658 —-
488 1627 628 1683 μηδὲν
659 1628 771 1682 ἄγαν
803 1630 986 1682 σῶφρον
1035 1628 1306 1683 κικλήσκεται
1337 1627 1383 1670 ἕν
1413 1627 1632 1683 πολιήταις

219 1727 276 1731 -
304 1701 379 1743 Vs.
413 1701 473 1742 ita
506 1700 763 1743 emendatus
797 1704 839 1742 et
871 1700 1231 1743 antecedentibus
1265 1703 1308 1743 et
1342 1700 1629 1755 sequentibus

218 1774 416 1828 idoneus,
435 1788 523 1815 non
542 1777 608 1816 est
627 1774 715 1828 jam
737 1773 1021 1827 trajiciendus
1040 1773 1274 1828 (quomodo
1293 1776 1443 1816 censet
1458 1772 1630 1828 Bergk);

220 1847 309 1901 sed,
344 1846 460 1902 quod
483 1847 623 1902 magis
654 1849 802 1889 nostra
834 1846 978 1902 refert,
1001 1846 1145 1890 verbis
1169 1860 1260 1903 cap.
1285 1848 1323 1902 7,
1349 1847 1404 1889 16
1427 1846 1528 1889 libri
1550 1846 1632 1890 Ee-

220 1921 442 1963 olesiastes
476 1920 785 1963 confirmatur:
822 1946 877 1950 -
910 1919 972 1975 μὴ
996 1920 1115 1974 γίνου
1150 1920 1315 1968 δίκαιος
1345 1919 1457 1963 πολὺ
1488 1920 1549 1976 μὴ
1585 1920 1633 1963 ὀὲ

220 1995 403 2050 σοφίζου
434 1993 629 2050 περισσὰ,
660 1993 719 2049 μέ
747 2010 851 2037 ποτε
883 1993 931 2037 ἔκ
964 1994 1132 2050 πλαγῇς
1166 2021 1222 2025 -
1245 2010 1254 2047 3
1290 1996 1383 2036 tum
1407 2007 1509 2037 vero
1532 2007 1633 2037 cum

219 2080 337 2122 seqq.
372 2067 544 2109 duobus
576 2081 658 2109 vss.
695 2066 770 2108 ubi
795 2093 851 2097 —
874 2066 1034 2122 μέτρον
1057 2092 1113 2097 ——
1144 2070 1187 2109 et
1218 2067 1264 2108 in
1298 2067 1407 2121 cibo,
1440 2069 1484 2109 et
1515 2069 1631 2122 potu,

221 2144 264 2183 et
283 2141 428 2184 verbis
452 2145 502 2183 ut
524 2168 581 2172 —
604 2141 780 2184 πάντων
801 2141 975 2195 ἄριστον
998 2167 1054 2171 ——
1077 2141 1291 2195 laudatur,
1318 2144 1416 2197 apte
1450 2141 1632 2195 conjun-

218 2214 346 2268 gitur.
377 2213 452 2256 Vs.
479 2214 535 2256 70
560 2213 655 2269 Sap.
681 2227 770 2269 cap.
795 2212 965 2267 XXIII,
990 2214 1017 2255 4
1041 2214 1255 2269 originem
1278 2212 1429 2256 debet:
1455 2239 1512 2243 -—
1537 2213 1634 2255 οὔτε

217 2286 279 2342 μὴ
315 2287 479 2342 φθόνῳ
511 2286 697 2342 τετηκότι
731 2286 996 2330 συνοδεύσω.
1030 2287 1092 2329 ὅτι
1125 2286 1252 2335 οὗτος
1284 2287 1338 2329 οὗ
1374 2286 1630 2342 κοινωνήσει

219 2361 352 2415 σοφίᾳ
375 2387 432 2391 -
457 2361 666 2415 Sequitur
698 2360 857 2403 deinde
877 2376 885 2403 ε
912 2388 968 2392 —
991 2362 1163 2417 πλῆθος
1196 2360 1243 2404 δὲ
1273 2364 1428 2416 σοφῶν
1450 2360 1631 2415 σωτερία

215 2436 292 2476 τοῦ
314 2432 489 2488 κόσμου
513 2460 570 2465 —
591 2449 600 2486 ς
625 2447 736 2489 quae
759 2433 893 2477 verba
913 2434 1096 2477 forsitan
1119 2433 1406 2490 sequentibus
1435 2433 1634 2478 versibus

222 2522 240 2543 «
271 2506 324 2547 de
359 2505 593 2548 concordia.
624 2519 772 2548 rerum
804 2509 985 2548 naturae
1012 2524 1030 2545 »
1062 2505 1206 2548 fontes
1227 2506 1418 2548 fuerunt.
1442 2505 1631 2548 Versum

222 2581 275 2621 77
305 2603 360 2610 -—
383 2579 445 2636 μὴ
478 2583 616 2636 μιμοῦ
649 2579 885 2636 κακότητα,
919 2579 1016 2636 δίκῃ
1053 2579 1344 2635 ὀ’ᾶπόλεἰψον
1371 2579 1543 2635 ἄμυναν
1575 2604 1631 2609 —

222 2652 374 2696 confer
407 2667 508 2696 eum
541 2653 667 2695 Prov.
700 2653 803 2707 XX,
849 2654 919 2695 22.
965 2680 1021 2684 —
1062 2652 1142 2709 Μὴ
1185 2654 1316 2709 εἴπῃς·
1341 2651 1483 2695 κακὸν
1523 2652 1630 2695 ἀπο-
