1844 3093
852 155 897 159 -
925 133 972 170 38
999 156 1044 159 -

244 210 363 252 hunc
397 222 571 252 versum
605 212 738 264 putat.
782 209 872 251 Alii
914 210 1052 265 ipsam
1097 210 1358 252 sententiam
1390 209 1443 253 ad
1475 211 1649 254 Pitthea

241 281 519 334 referebant3
555 281 631 324 cfr.
666 281 763 324 Sch.
797 281 993 337 Euripid.
1037 281 1262 337 Hippolyt.
1296 282 1396 324 263.
1431 309 1487 313 —
1515 282 1569 327 ‘O
1601 284 1648 327 δὲ

249 354 543 410 Θεόφραστος,
577 354 640 401 ὡς
661 354 710 396 τὰ
742 354 937 410 Σισύρου
959 354 1169 409 λεγόμενα
1190 354 1265 396 καὶ
1296 354 1509 405 ΙῙιτθέως,
1542 357 1645 399 οἷον·

244 427 400 483 Μηδὲν
423 428 545 482 ἄγαν,
579 426 710 483 Μηδὲ
744 427 867 483 δίκης
909 427 1100 483 δικάσῃς,
1132 444 1176 469 π.
1209 427 1247 469 ἄ.
1279 444 1324 482 μ.
1358 428 1426 470 ἀκ.
1468 455 1523 459 —
1557 429 1648 472 Alii

243 504 462 555 postremo
495 499 745 541 Democrito
779 500 1054 542 tribuerunt:
1089 500 1150 541 ita
1182 503 1231 541 ut
1264 500 1409 542 dicere
1442 501 1568 543 nobis
1596 502 1647 543 li-

244 576 350 628 ceat,
383 572 665 628 proverbium
699 572 802 615 olim
834 573 973 629 primo
1007 572 1270 628 evulgatum,
1313 587 1416 615 mox
1461 574 1569 617 adeo
1602 575 1648 616 in

246 646 416 688 deliciis
449 646 599 699 fuisse,
634 649 682 687 ut
716 658 844 700 saepe
879 645 1170 699 adhiberetur,
1205 649 1248 687 et
1279 659 1306 687 a
1335 647 1518 701 posteris
1560 661 1649 689 non

247 719 324 760 uni
357 718 525 760 auctori
558 717 889 760 adscriberetur.

369 792 429 833 At
460 791 514 833 ad
539 790 671 833 verba
692 790 877 833 Luciani
906 790 986 846 (De
1010 791 1196 833 calumn.
1219 804 1307 833 non
1336 794 1499 834 temere
1535 792 1648 834 cred.

249 878 283 907 c.
319 865 388 918 8);
425 891 481 895 —
507 898 743 907 ........
767 864 948 920 ποιητήν
979 880 1055 919 μοι
1089 864 1213 907 δοκῶ
1243 863 1317 907 τὸν
1343 865 1515 920 ἄριστον
1546 861 1648 907 ἒπά-

248 953 334 991 γειν
366 942 429 991 τῷ
459 937 578 992 λόγῳ
610 937 657 978 εὖ
688 937 805 992 μάλα
837 937 935 991 περὶ
966 937 1130 979 τούτων
1152 937 1506 992 ἀποφηνάμενον,
1540 938 1647 991 μᾶλ-

245 1010 321 1052 λον
355 1009 402 1051 δὲ
434 1009 800 1065 νομοθετήσαντα·
824 1009 930 1064 φησὶ
962 1009 1037 1051 δὲ·
1061 1008 1193 1065 Μηδὲ
1225 1009 1350 1065 δίκην
1382 1009 1420 1052 δ.
1455 1026 1499 1052 π.
1533 1010 1571 1052 ἅ.
1603 1026 1648 1065 μ.

246 1084 315 1126 ἀκ.
350 1109 406 1113 —
441 1083 681 1126 Scholiasta
710 1083 796 1124 ait:
837 1082 1097 1139 Φωκυλίδης
1129 1108 1185 1112 -
1210 1083 1280 1125 vel
1318 1083 1567 1126 Φακυλίδου
1590 1109 1646 1113 ——

246 1157 385 1199 alius:
419 1156 493 1198 τὸν
531 1156 793 1212 Φωκυλίδην
823 1157 1006 1212 ποιητήν
1047 1173 1124 1212 μοι
1157 1156 1282 1198 δοκεῖ
1309 1182 1365 1186 -—-
1409 1169 1520 1211 quae
1552 1170 1650 1212 per-

250 1230 457 1286 pendenti
493 1230 599 1271 mihi
634 1229 920 1272 Scholiastam
954 1233 1146 1272 veterem
1179 1229 1463 1284 Phocylidem
1504 1242 1649 1285 respe-

249 1304 367 1345 xisse
401 1307 503 1356 (non
538 1303 1006 1358 Pseudophocylidem,
1041 1306 1089 1344 ut
1121 1302 1260 1345 credit
1293 1302 1466 1357 Goram)
1488 1303 1534 1344 in
1556 1306 1648 1345 tuto

246 1381 321 1419 est.
355 1377 414 1418 At
446 1379 553 1431 quot
583 1377 765 1418 fortasse
797 1377 924 1418 istius
958 1376 1162 1418 carminis
1195 1389 1346 1418 versus
1379 1377 1558 1431 antiquo
1582 1377 1642 1418 illi

247 1450 418 1492 Milesio
451 1450 670 1492 recentior
701 1452 853 1491 auctor
884 1449 1121 1505 surripuit!

430 1522 571 1574 Quem
604 1535 790 1577 versum,
825 1522 930 1564 dum
962 1522 1159 1577 Bernays
1191 1521 1379 1577 (XXVI)
1409 1522 1645 1565 delendum

251 1600 412 1650 censet,
448 1599 491 1638 et
522 1596 568 1637 in
602 1595 867 1637 editionibus
890 1596 980 1637 suis
1012 1595 1157 1650 Bergk
1190 1599 1233 1637 et
1265 1595 1446 1637 Crusius
1481 1599 1527 1637 ut
1547 1595 1649 1637 sub-

245 1670 437 1710 dititium
482 1668 688 1711 cancellis
730 1672 995 1724 saepserunt,
1043 1667 1141 1710 Otto
1192 1668 1349 1710 Goram
1391 1672 1439 1710 ut
1481 1671 1649 1724 partem

248 1744 459 1798 poematis
493 1743 605 1784 tueri
639 1742 795 1796 studet,
820 1756 921 1784 cum
953 1742 1123 1784 traiciat
1155 1756 1214 1784 vs.
1249 1743 1302 1784 87
1340 1745 1439 1784 ante
1472 1743 1554 1784 86:

314 1817 367 1857 87
405 1815 536 1870 ΝΙηδὲ
570 1815 695 1870 δίκην
728 1815 919 1870 δικάσῃς,
952 1815 1053 1869 πρὶν
1084 1815 1222 1870 ἄμφω
1253 1815 1403 1870 μῦθον
1425 1815 1619 1871 ἀκούσῃς

312 1890 368 1931 86
403 1888 537 1945 Μηδέ
566 1905 670 1931 ποτε
701 1888 861 1944 κρίνειν
893 1887 1150 1944 ἀδαήμονας
1181 1888 1345 1944 ἄνδρας
1376 1888 1515 1945 ἐάσῃς.

369 1962 494 2013 Quod
527 1962 716 2017 Bergkio
739 1975 827 2003 non
849 1962 1077 2016 probatur3
1112 1965 1156 2003 at
1176 1961 1302 2003 nobis
1335 1962 1524 2017 permira
1548 1975 1648 2003 eum

248 2035 407 2078 fecisse
456 2034 687 2088 credimus,
732 2033 849 2089 quod
893 2037 1237 2076 consentaneum
1280 2037 1345 2076 est
1393 2036 1563 2089 poetam
1607 2033 1647 2075 ei

249 2122 380 2165 quem
420 2109 676 2163 alloquatur,
709 2109 831 2164 prius
864 2108 1047 2150 suadere
1082 2108 1188 2163 quid
1221 2109 1304 2163 ipsi
1335 2108 1474 2162 judici
1518 2120 1647 2163 agen-

251 2182 355 2224 dum
388 2182 454 2235 sit,
502 2195 632 2236 quam
676 2180 827 2236 quales
866 2180 972 2223 alios
1015 2180 1131 2237 legat
1161 2181 1353 2236 judices:
1399 2183 1492 2223 tum
1534 2180 1651 2236 quod

249 2259 484 2309 sequentes
517 2268 669 2296 versus
703 2258 800 2310 apte
825 2255 1080 2309 excipiunt:
1114 2258 1338 2310 praeterea
1370 2254 1651 2309 Pseudopho-

253 2328 420 2383 cylides
453 2328 679 2370 notissimo
712 2328 786 2370 illo
820 2329 936 2371 dicto
970 2341 1078 2371 vers.
1113 2328 1219 2370 87-8
1255 2327 1496 2370 doctrinam
1518 2327 1652 2370 Mosis

249 2402 375 2456 sequi
409 2401 584 2442 videtur
615 2400 757 2455 (Deut.
781 2401 906 2455 XIX,
943 2401 1042 2453 17):
1069 2427 1124 2430 —
1148 2400 1222 2443 καὶ
1255 2400 1475 2455 στήσονται
1508 2401 1550 2442 οἱ
1571 2400 1652 2442 δύο

248 2474 482 2528 ἄνθρωποι
515 2473 578 2519 οἷς
610 2473 692 2515 ἔστι
726 2473 870 2520 αὐτοῖς
901 2474 927 2528 ἡ
958 2473 1182 2527 ἀντιλογία,
1215 2473 1352 2515 ἔναντι
1374 2472 1555 2527 Κυρίου,
1578 2471 1652 2513 καὶ

248 2550 335 2590 τῶν
367 2547 532 2601 ἱερέων,
563 2546 638 2588 καὶ
669 2546 806 2588 ἔναντι
848 2549 935 2588 τῶν
976 2549 1148 2602 κριτῶν,
1189 2547 1235 2588 οἳ
1259 2547 1313 2588 ἂν
1344 2543 1451 2588 ὦσιν
1488 2545 1533 2587 ἒν
1563 2548 1652 2592 ταῖς

246 2621 428 2676 ἡμέραις
444 2619 623 2666 ἐκείναις
642 2645 696 2648 -
716 2618 789 2661 καὶ
808 2619 1060 2668 ἐξετάσωσιν
1078 2619 1120 2661 οἱ
1137 2618 1276 2674 κριταὶ
1295 2619 1489 2674 ἀκριβῶς
1510 2634 1550 2660 κ.
1567 2634 1598 2659 τ.
1616 2617 1650 2659 λ.
