<?xml version="1.0" encoding="UTF-8"?>
<!DOCTYPE html PUBLIC "-//W3C//DTD XHTML 1.0 Transitional//EN"
    "http://www.w3.org/TR/xhtml1/DTD/xhtml1-transitional.dtd">
<html xmlns="http://www.w3.org/1999/xhtml" xml:lang="en" lang="en">
 <head>
  <title>
</title>
<meta http-equiv="Content-Type" content="text/html;charset=utf-8" />
  <meta name='ocr-system' content='tesseract 3.04.00' />
  <meta name='ocr-capabilities' content='ocr_page ocr_carea ocr_par ocr_line ocrx_word'/>
</head>
<body>
  <div class='ocr_page' id='page_1' title='image "4737216_0038.png"; bbox 0 0 1844 3093; ppageno 0'>
   <div class='ocr_carea' id='block_1_1' title="bbox 239 134 1655 2161">
    <p class='ocr_par' dir='ltr' id='par_1_1' title="bbox 239 134 1655 2161">
     <span class='ocr_line' id='line_1_1' title="bbox 857 134 1041 171; baseline 0 -11"><span class='ocrx_word' id='word_1_1' title='bbox 857 155 902 160; x_wconf 80' lang='lat'><em>...</em></span> <span class='ocrx_word' id='word_1_2' title='bbox 930 134 978 171; x_wconf 79' lang='lat'><em>30</em></span> <span class='ocrx_word' id='word_1_3' title='bbox 1011 157 1041 160; x_wconf 74' lang='grc'>-</span> 
     </span>
     <span class='ocr_line' id='line_1_2' title="bbox 245 208 1652 268; baseline 0.002 -16"><span class='ocrx_word' id='word_1_4' title='bbox 245 209 456 266; x_wconf 83' lang='grc' dir='ltr'><em>ἓνεόρεύει</em></span> <span class='ocrx_word' id='word_1_5' title='bbox 480 223 488 231; x_wconf 88' lang='grc'><em>·</em></span> <span class='ocrx_word' id='word_1_6' title='bbox 507 209 708 266; x_wconf 91' lang='grc' dir='ltr'><em>Πρόσεχε</em></span> <span class='ocrx_word' id='word_1_7' title='bbox 730 208 818 252; x_wconf 87' lang='grc' dir='ltr'><em>ἀπὸ</em></span> <span class='ocrx_word' id='word_1_8' title='bbox 839 210 1108 266; x_wconf 79' lang='grc' dir='ltr'><em>κακούργου,</em></span> <span class='ocrx_word' id='word_1_9' title='bbox 1140 210 1313 268; x_wconf 84' lang='grc' dir='ltr'><em>πονηρὰ</em></span> <span class='ocrx_word' id='word_1_10' title='bbox 1336 210 1419 267; x_wconf 85' lang='grc' dir='ltr'><em>γὰρ</em></span> <span class='ocrx_word' id='word_1_11' title='bbox 1440 212 1652 262; x_wconf 82' lang='grc' dir='ltr'><em>τεκταίνει,</em></span> 
     </span>
     <span class='ocr_line' id='line_1_3' title="bbox 243 273 1652 341; baseline 0.002 -17"><span class='ocrx_word' id='word_1_12' title='bbox 243 283 411 338; x_wconf 86' lang='grc' dir='ltr'><em>μήποτε</em></span> <span class='ocrx_word' id='word_1_13' title='bbox 441 286 604 337; x_wconf 87' lang='grc' dir='ltr'><em>μῶμον</em></span> <span class='ocrx_word' id='word_1_14' title='bbox 635 284 694 330; x_wconf 85' lang='grc' dir='ltr'><em>εἷς</em></span> <span class='ocrx_word' id='word_1_15' title='bbox 719 282 793 325; x_wconf 86' lang='grc' dir='ltr'><em>τὸν</em></span> <span class='ocrx_word' id='word_1_16' title='bbox 825 284 962 325; x_wconf 80' lang='grc' dir='ltr'><strong><em>αἰῶνα</em></strong></span> <span class='ocrx_word' id='word_1_17' title='bbox 986 283 1054 338; x_wconf 75' lang='grc' dir='ltr'><em>δῷ</em></span> <span class='ocrx_word' id='word_1_18' title='bbox 1075 299 1154 326; x_wconf 91' lang='grc' dir='ltr'><em>σοι.</em></span> <span class='ocrx_word' id='word_1_19' title='bbox 1170 273 1409 327; x_wconf 77' lang='grc' dir='ltr'><em>Ἐνοίκισον</em></span> <span class='ocrx_word' id='word_1_20' title='bbox 1431 284 1652 341; x_wconf 87' lang='grc' dir='ltr'><em>ἀλλότριον</em></span> 
     </span>
     <span class='ocr_line' id='line_1_4' title="bbox 243 355 1652 412; baseline 0.002 -15"><span class='ocrx_word' id='word_1_21' title='bbox 243 355 317 397; x_wconf 83' lang='grc' dir='ltr'><em>καὶ</em></span> <span class='ocrx_word' id='word_1_22' title='bbox 350 355 596 411; x_wconf 83' lang='grc' dir='ltr'><strong><em>διαστρέψει</em></strong></span> <span class='ocrx_word' id='word_1_23' title='bbox 626 372 673 398; x_wconf 95' lang='grc' dir='ltr'><em>σε</em></span> <span class='ocrx_word' id='word_1_24' title='bbox 705 355 750 398; x_wconf 86' lang='grc' dir='ltr'><em>ὲν</em></span> <span class='ocrx_word' id='word_1_25' title='bbox 781 360 999 412; x_wconf 84' lang='grc' dir='ltr'><strong><em>ταραχαῖς,</em></strong></span> <span class='ocrx_word' id='word_1_26' title='bbox 1032 356 1107 399; x_wconf 81' lang='grc' dir='ltr'><em>καὶ</em></span> <span class='ocrx_word' id='word_1_27' title='bbox 1125 356 1464 412; x_wconf 87' lang='grc' dir='ltr'><em>ἀπαλλοτριώσει</em></span> <span class='ocrx_word' id='word_1_28' title='bbox 1485 373 1533 400; x_wconf 90' lang='grc' dir='ltr'><em>σε</em></span> <span class='ocrx_word' id='word_1_29' title='bbox 1565 361 1652 400; x_wconf 86' lang='grc' dir='ltr'><em>τῶν</em></span> 
     </span>
     <span class='ocr_line' id='line_1_5' title="bbox 243 426 1655 484; baseline 0.001 -16"><span class='ocrx_word' id='word_1_30' title='bbox 243 426 365 469; x_wconf 81' lang='grc' dir='ltr'><em>ι’ὁίων</em></span> <span class='ocrx_word' id='word_1_31' title='bbox 397 443 478 469; x_wconf 92' lang='grc' dir='ltr'><em>σου</em></span> <span class='ocrx_word' id='word_1_32' title='bbox 501 452 570 482; x_wconf 90' lang='lat'><em>—,</em></span> <span class='ocrx_word' id='word_1_33' title='bbox 595 440 706 482; x_wconf 81' lang='lat' dir='ltr'>quae</span> <span class='ocrx_word' id='word_1_34' title='bbox 739 427 872 469; x_wconf 85' lang='lat' dir='ltr'>verba</span> <span class='ocrx_word' id='word_1_35' title='bbox 902 430 1078 483; x_wconf 86' lang='lat' dir='ltr'>propter</span> <span class='ocrx_word' id='word_1_36' title='bbox 1109 441 1195 482; x_wconf 90' lang='lat' dir='ltr'><em>quo</em></span> <span class='ocrx_word' id='word_1_37' title='bbox 1218 427 1386 484; x_wconf 83' lang='lat' dir='ltr'>digesta</span> <span class='ocrx_word' id='word_1_38' title='bbox 1412 432 1515 470; x_wconf 88' lang='lat' dir='ltr'>sunt</span> <span class='ocrx_word' id='word_1_39' title='bbox 1542 428 1655 470; x_wconf 89' lang='lat' dir='ltr'>ordi-</span> 
     </span>
     <span class='ocr_line' id='line_1_6' title="bbox 242 498 1655 556; baseline 0.003 -17"><span class='ocrx_word' id='word_1_40' title='bbox 242 511 345 540; x_wconf 98' lang='lat' dir='ltr'>nem</span> <span class='ocrx_word' id='word_1_41' title='bbox 377 498 503 540; x_wconf 88' lang='lat' dir='ltr'>nobis</span> <span class='ocrx_word' id='word_1_42' title='bbox 535 498 731 553; x_wconf 80' lang='lat' dir='ltr'>suadent,</span> <span class='ocrx_word' id='word_1_43' title='bbox 765 503 814 540; x_wconf 87' lang='lat' dir='ltr'><em>ut</em></span> <span class='ocrx_word' id='word_1_44' title='bbox 847 512 1022 541; x_wconf 87' lang='lat' dir='ltr'>versum</span> <span class='ocrx_word' id='word_1_45' title='bbox 1047 501 1131 540; x_wconf 82' lang='lat'><em>145</em></span> <span class='ocrx_word' id='word_1_46' title='bbox 1155 513 1256 542; x_wconf 85' lang='lat' dir='ltr'><em>cum</em></span> <span class='ocrx_word' id='word_1_47' title='bbox 1279 500 1450 542; x_wconf 89' lang='lat' dir='ltr'>duobus</span> <span class='ocrx_word' id='word_1_48' title='bbox 1477 513 1655 556; x_wconf 82' lang='lat' dir='ltr'>praeee-</span> 
     </span>
     <span class='ocr_line' id='line_1_7' title="bbox 244 571 1652 628; baseline 0.001 -15"><span class='ocrx_word' id='word_1_49' title='bbox 244 571 449 613; x_wconf 90' lang='lat' dir='ltr'>dentibus</span> <span class='ocrx_word' id='word_1_50' title='bbox 482 572 812 627; x_wconf 46' lang='lat' dir='ltr'>conjungamus</span> <span class='ocrx_word' id='word_1_51' title='bbox 847 585 978 627; x_wconf 87' lang='lat' dir='ltr'>quem</span> <span class='ocrx_word' id='word_1_52' title='bbox 1008 572 1116 614; x_wconf 84' lang='lat' dir='ltr'>falso</span> <span class='ocrx_word' id='word_1_53' title='bbox 1150 572 1347 628; x_wconf 86' lang='lat' dir='ltr'>Bernays</span> <span class='ocrx_word' id='word_1_54' title='bbox 1382 574 1527 615; x_wconf 90' lang='lat' dir='ltr'>versui</span> <span class='ocrx_word' id='word_1_55' title='bbox 1568 574 1652 616; x_wconf 87' lang='lat'><em>139</em></span> 
     </span>
     <span class='ocr_line' id='line_1_8' title="bbox 244 646 1654 700; baseline 0.001 -15"><span class='ocrx_word' id='word_1_56' title='bbox 244 646 448 698; x_wconf 75' lang='lat' dir='ltr'>annectit,</span> <span class='ocrx_word' id='word_1_57' title='bbox 471 646 762 699; x_wconf 84' lang='lat' dir='ltr'>interpretans</span> <span class='ocrx_word' id='word_1_58' title='bbox 785 649 834 686; x_wconf 90' lang='lat' dir='ltr'><em>ut</em></span> <span class='ocrx_word' id='word_1_59' title='bbox 854 646 1193 700; x_wconf 86' lang='lat' dir='ltr'>prohibitionem</span> <span class='ocrx_word' id='word_1_60' title='bbox 1215 647 1357 687; x_wconf 86' lang='lat' dir='ltr'>carnis</span> <span class='ocrx_word' id='word_1_61' title='bbox 1384 646 1654 688; x_wconf 85' lang='lat' dir='ltr'>locutionem</span> 
     </span>
     <span class='ocr_line' id='line_1_9' title="bbox 246 717 1653 773; baseline 0 -14"><span class='ocrx_word' id='word_1_62' title='bbox 246 742 301 745; x_wconf 86' lang='lat'><strong>—</strong></span> <span class='ocrx_word' id='word_1_63' title='bbox 329 720 416 759; x_wconf 86' lang='grc' dir='ltr'><em>τῶν</em></span> <span class='ocrx_word' id='word_1_64' title='bbox 447 717 660 773; x_wconf 86' lang='grc' dir='ltr'><em>λωβητῶν</em></span> <span class='ocrx_word' id='word_1_65' title='bbox 691 718 929 772; x_wconf 85' lang='grc' dir='ltr'><em>ἀπέχεσθαι</em></span> <span class='ocrx_word' id='word_1_66' title='bbox 953 733 1027 770; x_wconf 73' lang='lat'><em>——3</em></span> <span class='ocrx_word' id='word_1_67' title='bbox 1064 718 1138 759; x_wconf 86' lang='lat' dir='ltr'><em>ubi</em></span> <span class='ocrx_word' id='word_1_68' title='bbox 1172 718 1225 760; x_wconf 91' lang='lat' dir='ltr'>de</span> <span class='ocrx_word' id='word_1_69' title='bbox 1257 731 1428 760; x_wconf 84' lang='lat' dir='ltr'>morum</span> <span class='ocrx_word' id='word_1_70' title='bbox 1466 719 1653 773; x_wconf 87' lang='lat' dir='ltr'>turpitu-</span> 
     </span>
     <span class='ocr_line' id='line_1_10' title="bbox 245 791 1652 847; baseline 0.002 -16"><span class='ocrx_word' id='word_1_71' title='bbox 245 791 347 832; x_wconf 88' lang='lat' dir='ltr'>dine</span> <span class='ocrx_word' id='word_1_72' title='bbox 380 804 521 833; x_wconf 86' lang='lat' dir='ltr'>sermo</span> <span class='ocrx_word' id='word_1_73' title='bbox 545 792 744 833; x_wconf 80' lang='lat' dir='ltr'>occurrit.</span> <span class='ocrx_word' id='word_1_74' title='bbox 768 817 823 821; x_wconf 80' lang='lat'><em>——</em></span> <span class='ocrx_word' id='word_1_75' title='bbox 847 792 1036 833; x_wconf 80' lang='lat' dir='ltr'>Versum</span> <span class='ocrx_word' id='word_1_76' title='bbox 1060 792 1144 833; x_wconf 82' lang='lat'><em>149</em></span> <span class='ocrx_word' id='word_1_77' title='bbox 1169 792 1244 834; x_wconf 79' lang='lat' dir='ltr'>cfr.</span> <span class='ocrx_word' id='word_1_78' title='bbox 1269 806 1370 834; x_wconf 82' lang='lat' dir='ltr'><em>oum</em></span> <span class='ocrx_word' id='word_1_79' title='bbox 1393 791 1494 834; x_wconf 83' lang='lat' dir='ltr'>LeV.</span> <span class='ocrx_word' id='word_1_80' title='bbox 1528 792 1652 847; x_wconf 88' lang='lat' dir='ltr'>XIX,</span> 
     </span>
     <span class='ocr_line' id='line_1_11' title="bbox 245 865 1646 920; baseline 0.001 -15"><span class='ocrx_word' id='word_1_81' title='bbox 245 865 302 905; x_wconf 80' lang='lat'><em>26</em></span> <span class='ocrx_word' id='word_1_82' title='bbox 338 897 458 906; x_wconf 88' lang='grc'><strong>......</strong></span> <span class='ocrx_word' id='word_1_83' title='bbox 482 865 564 906; x_wconf 82' lang='grc' dir='ltr'><em>οὐκ</em></span> <span class='ocrx_word' id='word_1_84' title='bbox 593 865 829 912; x_wconf 86' lang='grc' dir='ltr'><em>οἷωνεῒσθε,</em></span> <span class='ocrx_word' id='word_1_85' title='bbox 851 865 953 906; x_wconf 77' lang='grc' dir='ltr'><em>οὐδὲ</em></span> <span class='ocrx_word' id='word_1_86' title='bbox 975 865 1410 920; x_wconf 83' lang='grc' dir='ltr'><em>ὀρνιθοσκοπήσεσθε</em></span> <span class='ocrx_word' id='word_1_87' title='bbox 1434 890 1502 918; x_wconf 90' lang='lat'><em>—,</em></span> <span class='ocrx_word' id='word_1_88' title='bbox 1526 869 1570 906; x_wconf 85' lang='lat' dir='ltr'>et</span> <span class='ocrx_word' id='word_1_89' title='bbox 1593 867 1646 906; x_wconf 86' lang='lat'><em>31</em></span> 
     </span>
     <span class='ocr_line' id='line_1_12' title="bbox 246 937 1652 994; baseline 0.001 -14"><span class='ocrx_word' id='word_1_90' title='bbox 246 964 302 967; x_wconf 86' lang='lat'>—</span> <span class='ocrx_word' id='word_1_91' title='bbox 331 937 425 980; x_wconf 79' lang='grc' dir='ltr'><em>Οὐκ</em></span> <span class='ocrx_word' id='word_1_92' title='bbox 458 938 843 993; x_wconf 74' lang='grc' dir='ltr'><em>ἐπακολουθήσητε</em></span> <span class='ocrx_word' id='word_1_93' title='bbox 875 938 1234 994; x_wconf 84' lang='grc' dir='ltr'><em>ἒγγαστριμύθοις</em></span> <span class='ocrx_word' id='word_1_94' title='bbox 1269 938 1343 981; x_wconf 85' lang='grc' dir='ltr'><em>καὶ</em></span> <span class='ocrx_word' id='word_1_95' title='bbox 1381 942 1468 986; x_wconf 88' lang='grc' dir='ltr'><em>τοῖς</em></span> <span class='ocrx_word' id='word_1_96' title='bbox 1508 938 1652 981; x_wconf 81' lang='grc' dir='ltr'><em>ἐπαοι-</em></span> 
     </span>
     <span class='ocr_line' id='line_1_13' title="bbox 245 1010 1653 1066; baseline 0 -14"><span class='ocrx_word' id='word_1_97' title='bbox 245 1011 339 1057; x_wconf 83' lang='grc' dir='ltr'><strong><em>δαῖς</em></strong></span> <span class='ocrx_word' id='word_1_98' title='bbox 380 1011 433 1052; x_wconf 83' lang='grc' dir='ltr'><em>οὗ</em></span> <span class='ocrx_word' id='word_1_99' title='bbox 474 1010 929 1066; x_wconf 86' lang='grc' dir='ltr'><em>προςκολληθήσεσθε,</em></span> <span class='ocrx_word' id='word_1_100' title='bbox 972 1011 1260 1066; x_wconf 82' lang='grc' dir='ltr'><em>ἕκμιανθῆναι</em></span> <span class='ocrx_word' id='word_1_101' title='bbox 1291 1011 1336 1052; x_wconf 80' lang='grc' dir='ltr'><em>ἐν</em></span> <span class='ocrx_word' id='word_1_102' title='bbox 1368 1011 1511 1057; x_wconf 82' lang='grc' dir='ltr'><em>αὒτοῖς</em></span> <span class='ocrx_word' id='word_1_103' title='bbox 1526 1044 1653 1052; x_wconf 91' lang='grc'><strong>......</strong></span> 
     </span>
     <span class='ocr_line' id='line_1_14' title="bbox 245 1085 1653 1141; baseline 0.001 -15"><span class='ocrx_word' id='word_1_104' title='bbox 245 1111 300 1115; x_wconf 83' lang='lat'><em>——</em></span> <span class='ocrx_word' id='word_1_105' title='bbox 326 1099 407 1127; x_wconf 86' lang='lat' dir='ltr'>vss.</span> <span class='ocrx_word' id='word_1_106' title='bbox 444 1086 622 1139; x_wconf 81' lang='lat'>164-70,</span> <span class='ocrx_word' id='word_1_107' title='bbox 656 1085 733 1141; x_wconf 88' lang='lat' dir='ltr'><em>qui</em></span> <span class='ocrx_word' id='word_1_108' title='bbox 764 1086 899 1140; x_wconf 84' lang='lat' dir='ltr'>pigris</span> <span class='ocrx_word' id='word_1_109' title='bbox 923 1085 1174 1141; x_wconf 85' lang='lat' dir='ltr'>exemplum</span> <span class='ocrx_word' id='word_1_110' title='bbox 1195 1085 1404 1128; x_wconf 75' lang='lat' dir='ltr'>formicae</span> <span class='ocrx_word' id='word_1_111' title='bbox 1434 1085 1653 1141; x_wconf 85' lang='lat' dir='ltr'>praebent,</span> 
     </span>
     <span class='ocr_line' id='line_1_15' title="bbox 244 1158 1651 1213; baseline 0.001 -15"><span class='ocrx_word' id='word_1_112' title='bbox 244 1172 268 1199; x_wconf 82' lang='lat' dir='ltr'>a</span> <span class='ocrx_word' id='word_1_113' title='bbox 299 1158 371 1199; x_wconf 87' lang='lat' dir='ltr'>lib.</span> <span class='ocrx_word' id='word_1_114' title='bbox 405 1158 530 1199; x_wconf 86' lang='lat' dir='ltr'>Prov.</span> <span class='ocrx_word' id='word_1_115' title='bbox 569 1158 639 1211; x_wconf 88' lang='lat' dir='ltr'><em>VI,</em></span> <span class='ocrx_word' id='word_1_116' title='bbox 674 1159 699 1198; x_wconf 76' lang='lat'>6</span> <span class='ocrx_word' id='word_1_117' title='bbox 733 1158 916 1199; x_wconf 81' lang='lat' dir='ltr'>derivati</span> <span class='ocrx_word' id='word_1_118' title='bbox 949 1162 1072 1198; x_wconf 89' lang='lat' dir='ltr'>sunt:</span> <span class='ocrx_word' id='word_1_119' title='bbox 1099 1158 1264 1199; x_wconf 74' lang='grc' dir='ltr'><em>-Ἴθι</em></span> <span class='ocrx_word' id='word_1_120' title='bbox 1294 1158 1407 1213; x_wconf 89' lang='grc' dir='ltr'><em>πρὸς</em></span> <span class='ocrx_word' id='word_1_121' title='bbox 1437 1158 1510 1199; x_wconf 86' lang='grc' dir='ltr'><em>τὸν</em></span> <span class='ocrx_word' id='word_1_122' title='bbox 1540 1159 1651 1213; x_wconf 84' lang='grc' dir='ltr'><em>μύρ-</em></span> 
     </span>
     <span class='ocr_line' id='line_1_16' title="bbox 242 1229 1654 1287; baseline -0.001 -13"><span class='ocrx_word' id='word_1_123' title='bbox 242 1230 378 1287; x_wconf 51' lang='grc' dir='ltr'><em>μηκαρ</em></span> <span class='ocrx_word' id='word_1_124' title='bbox 401 1229 441 1273; x_wconf 83' lang='grc' dir='ltr'><em>ὦ</em></span> <span class='ocrx_word' id='word_1_125' title='bbox 473 1230 645 1287; x_wconf 81' lang='grc' dir='ltr'><em>ὀκνηρέ,</em></span> <span class='ocrx_word' id='word_1_126' title='bbox 668 1230 742 1273; x_wconf 86' lang='grc' dir='ltr'><em>καὶ</em></span> <span class='ocrx_word' id='word_1_127' title='bbox 763 1230 962 1287; x_wconf 86' lang='grc' dir='ltr'><em>ζήλωσον</em></span> <span class='ocrx_word' id='word_1_128' title='bbox 994 1230 1103 1274; x_wconf 82' lang='grc' dir='ltr'><em>ἰδὼν</em></span> <span class='ocrx_word' id='word_1_129' title='bbox 1133 1229 1207 1278; x_wconf 87' lang='grc' dir='ltr'><em>τὰς</em></span> <span class='ocrx_word' id='word_1_130' title='bbox 1239 1230 1370 1278; x_wconf 84' lang='grc' dir='ltr'><em>ὁδοὺς</em></span> <span class='ocrx_word' id='word_1_131' title='bbox 1402 1230 1547 1280; x_wconf 72' lang='grc' dir='ltr'><em>αὐτοῦ,</em></span> <span class='ocrx_word' id='word_1_132' title='bbox 1579 1230 1654 1273; x_wconf 85' lang='grc' dir='ltr'><em>καὶ</em></span> 
     </span>
     <span class='ocr_line' id='line_1_17' title="bbox 248 1295 1650 1359; baseline -0.001 -13"><span class='ocrx_word' id='word_1_133' title='bbox 248 1295 376 1359; x_wconf 85' lang='grc' dir='ltr'><em>γένου</em></span> <span class='ocrx_word' id='word_1_134' title='bbox 395 1304 560 1346; x_wconf 80' lang='grc' dir='ltr'><em>ἐκείνου</em></span> <span class='ocrx_word' id='word_1_135' title='bbox 594 1304 857 1358; x_wconf 83' lang='grc' dir='ltr'><em>σοφώτερος.</em></span> <span class='ocrx_word' id='word_1_136' title='bbox 887 1303 1066 1358; x_wconf 87' lang='grc' dir='ltr'><em>Ἐκείνῳ</em></span> <span class='ocrx_word' id='word_1_137' title='bbox 1089 1303 1171 1358; x_wconf 85' lang='grc' dir='ltr'><em>γὰρ</em></span> <span class='ocrx_word' id='word_1_138' title='bbox 1195 1305 1408 1358; x_wconf 89' lang='grc' dir='ltr'><em>γεωργίου</em></span> <span class='ocrx_word' id='word_1_139' title='bbox 1429 1303 1490 1359; x_wconf 89' lang='grc' dir='ltr'><em>μὴ</em></span> <span class='ocrx_word' id='word_1_140' title='bbox 1513 1304 1650 1358; x_wconf 83' lang='grc' dir='ltr'><em>ὑπάρ-</em></span> 
     </span>
     <span class='ocr_line' id='line_1_18' title="bbox 246 1375 1653 1432; baseline -0.001 -13"><span class='ocrx_word' id='word_1_141' title='bbox 246 1392 411 1432; x_wconf 83' lang='grc' dir='ltr'><em>χοντος,</em></span> <span class='ocrx_word' id='word_1_142' title='bbox 444 1376 558 1432; x_wconf 80' lang='grc' dir='ltr'><em>μηδὲ</em></span> <span class='ocrx_word' id='word_1_143' title='bbox 588 1375 661 1418; x_wconf 86' lang='grc' dir='ltr'><em>τὸν</em></span> <span class='ocrx_word' id='word_1_144' title='bbox 693 1376 994 1430; x_wconf 82' lang='grc' dir='ltr'><em>ἀναγκάζοντα</em></span> <span class='ocrx_word' id='word_1_145' title='bbox 1028 1377 1154 1431; x_wconf 83' lang='grc' dir='ltr'><em>ἔχων,</em></span> <span class='ocrx_word' id='word_1_146' title='bbox 1186 1376 1299 1432; x_wconf 84' lang='grc' dir='ltr'><em>μηδὲ</em></span> <span class='ocrx_word' id='word_1_147' title='bbox 1330 1375 1417 1418; x_wconf 85' lang='grc' dir='ltr'><em>ὑπὸ</em></span> <span class='ocrx_word' id='word_1_148' title='bbox 1441 1375 1653 1431; x_wconf 82' lang='grc' dir='ltr'><em>δεσπότην</em></span> 
     </span>
     <span class='ocr_line' id='line_1_19' title="bbox 245 1449 1654 1505; baseline -0.001 -14"><span class='ocrx_word' id='word_1_149' title='bbox 245 1451 310 1491; x_wconf 83' lang='grc' dir='ltr'><em>ὢν</em></span> <span class='ocrx_word' id='word_1_150' title='bbox 330 1450 591 1504; x_wconf 81' lang='grc' dir='ltr'><em>ἕτοιμάζεται</em></span> <span class='ocrx_word' id='word_1_151' title='bbox 612 1449 775 1504; x_wconf 87' lang='grc' dir='ltr'><em>θέρους</em></span> <span class='ocrx_word' id='word_1_152' title='bbox 796 1449 872 1504; x_wconf 89' lang='grc' dir='ltr'><em>τὴν</em></span> <span class='ocrx_word' id='word_1_153' title='bbox 893 1450 1072 1504; x_wconf 81' lang='grc' dir='ltr'><em>τροφήν,</em></span> <span class='ocrx_word' id='word_1_154' title='bbox 1095 1449 1258 1504; x_wconf 90' lang='grc' dir='ltr'><em>πολλήν</em></span> <span class='ocrx_word' id='word_1_155' title='bbox 1279 1465 1321 1491; x_wconf 90' lang='grc' dir='ltr'><em>τε</em></span> <span class='ocrx_word' id='word_1_156' title='bbox 1343 1450 1388 1491; x_wconf 81' lang='grc' dir='ltr'><em>ἒν</em></span> <span class='ocrx_word' id='word_1_157' title='bbox 1409 1454 1470 1504; x_wconf 78' lang='grc' dir='ltr'><em>τῷ</em></span> <span class='ocrx_word' id='word_1_158' title='bbox 1500 1450 1654 1505; x_wconf 59' lang='grc' dir='ltr'><em>ἀμητοῦ</em></span> 
     </span>
     <span class='ocr_line' id='line_1_20' title="bbox 245 1521 1652 1578; baseline -0.001 -13"><span class='ocrx_word' id='word_1_159' title='bbox 245 1523 292 1565; x_wconf 79' lang='grc' dir='ltr'><em>δὲ</em></span> <span class='ocrx_word' id='word_1_160' title='bbox 323 1526 500 1565; x_wconf 90' lang='grc' dir='ltr'><em>ποιεῖται</em></span> <span class='ocrx_word' id='word_1_161' title='bbox 520 1522 597 1578; x_wconf 88' lang='grc' dir='ltr'><em>τὴν</em></span> <span class='ocrx_word' id='word_1_162' title='bbox 628 1523 881 1578; x_wconf 72' lang='grc' dir='ltr'><em>παράθεσιν.</em></span> <span class='ocrx_word' id='word_1_163' title='bbox 910 1524 936 1577; x_wconf 86' lang='grc' dir='ltr'><em>ἢ</em></span> <span class='ocrx_word' id='word_1_164' title='bbox 958 1522 1197 1578; x_wconf 80' lang='grc' dir='ltr'><em>πορεύθητι</em></span> <span class='ocrx_word' id='word_1_165' title='bbox 1217 1521 1354 1578; x_wconf 82' lang='lat' dir='ltr'>(labor</span> <span class='ocrx_word' id='word_1_166' title='bbox 1375 1522 1467 1577; x_wconf 83' lang='lat' dir='ltr'>apis</span> <span class='ocrx_word' id='word_1_167' title='bbox 1491 1521 1652 1564; x_wconf 79' lang='lat' dir='ltr'>deseri-</span> 
     </span>
     <span class='ocr_line' id='line_1_21' title="bbox 246 1595 1652 1650; baseline 0 -14"><span class='ocrx_word' id='word_1_168' title='bbox 246 1596 362 1637; x_wconf 86' lang='lat' dir='ltr'>bitur</span> <span class='ocrx_word' id='word_1_169' title='bbox 394 1596 521 1637; x_wconf 84' lang='lat' dir='ltr'>euius</span> <span class='ocrx_word' id='word_1_170' title='bbox 559 1595 857 1637; x_wconf 80' lang='lat' dir='ltr'>assiduitatem</span> <span class='ocrx_word' id='word_1_171' title='bbox 896 1595 1141 1650; x_wconf 81' lang='lat' dir='ltr'>Pseudoph.</span> <span class='ocrx_word' id='word_1_172' title='bbox 1182 1595 1330 1636; x_wconf 83' lang='lat' dir='ltr'>laudat</span> <span class='ocrx_word' id='word_1_173' title='bbox 1371 1608 1453 1636; x_wconf 88' lang='lat' dir='ltr'>vss.</span> <span class='ocrx_word' id='word_1_174' title='bbox 1501 1595 1652 1648; x_wconf 81' lang='lat'>171-4)</span> 
     </span>
     <span class='ocr_line' id='line_1_22' title="bbox 242 1668 1651 1724; baseline -0.001 -13"><span class='ocrx_word' id='word_1_175' title='bbox 242 1668 355 1724; x_wconf 88' lang='grc' dir='ltr'><em>πρὸς</em></span> <span class='ocrx_word' id='word_1_176' title='bbox 386 1669 462 1724; x_wconf 90' lang='grc' dir='ltr'><em>τὴν</em></span> <span class='ocrx_word' id='word_1_177' title='bbox 493 1668 709 1724; x_wconf 81' lang='grc' dir='ltr'><em>μέλισσαν,</em></span> <span class='ocrx_word' id='word_1_178' title='bbox 742 1669 817 1710; x_wconf 84' lang='grc' dir='ltr'><em>καὶ</em></span> <span class='ocrx_word' id='word_1_179' title='bbox 847 1668 966 1723; x_wconf 88' lang='grc' dir='ltr'><em>μάθε</em></span> <span class='ocrx_word' id='word_1_180' title='bbox 999 1668 1061 1715; x_wconf 86' lang='grc' dir='ltr'><em>ὡς</em></span> <span class='ocrx_word' id='word_1_181' title='bbox 1093 1668 1257 1724; x_wconf 80' lang='grc' dir='ltr'><em>ἐργάτις</em></span> <span class='ocrx_word' id='word_1_182' title='bbox 1288 1668 1383 1717; x_wconf 80' lang='grc' dir='ltr'><em>ἐστί,</em></span> <span class='ocrx_word' id='word_1_183' title='bbox 1415 1669 1491 1724; x_wconf 85' lang='grc' dir='ltr'><em>τήν</em></span> <span class='ocrx_word' id='word_1_184' title='bbox 1511 1684 1554 1710; x_wconf 91' lang='grc' dir='ltr'><em>τε</em></span> <span class='ocrx_word' id='word_1_185' title='bbox 1584 1668 1651 1724; x_wconf 85' lang='grc' dir='ltr'><em>ε’ρ-</em></span> 
     </span>
     <span class='ocr_line' id='line_1_23' title="bbox 245 1740 1653 1796; baseline 0 -13"><span class='ocrx_word' id='word_1_186' title='bbox 245 1742 397 1796; x_wconf 91' lang='grc' dir='ltr'><em>γασίαν</em></span> <span class='ocrx_word' id='word_1_187' title='bbox 429 1742 493 1788; x_wconf 88' lang='grc' dir='ltr'><em>ὡς</em></span> <span class='ocrx_word' id='word_1_188' title='bbox 525 1741 687 1796; x_wconf 86' lang='grc' dir='ltr'><em>σεμνὴν</em></span> <span class='ocrx_word' id='word_1_189' title='bbox 717 1745 905 1782; x_wconf 88' lang='grc' dir='ltr'><em>ποιεῖται.</em></span> <span class='ocrx_word' id='word_1_190' title='bbox 939 1740 991 1796; x_wconf 86' lang='grc' dir='ltr'><em>ἧς</em></span> <span class='ocrx_word' id='word_1_191' title='bbox 1022 1740 1120 1787; x_wconf 84' lang='grc' dir='ltr'><em>τοὺς</em></span> <span class='ocrx_word' id='word_1_192' title='bbox 1162 1741 1326 1787; x_wconf 87' lang='grc' dir='ltr'><em>πόνους</em></span> <span class='ocrx_word' id='word_1_193' title='bbox 1365 1742 1549 1796; x_wconf 83' lang='grc' dir='ltr'><em>βασιλεῖς</em></span> <span class='ocrx_word' id='word_1_194' title='bbox 1580 1741 1653 1783; x_wconf 83' lang='grc' dir='ltr'><em>καὶ</em></span> 
     </span>
     <span class='ocr_line' id='line_1_24' title="bbox 243 1813 1652 1869; baseline 0 -13"><span class='ocrx_word' id='word_1_195' title='bbox 243 1815 407 1857; x_wconf 81' lang='grc' dir='ltr'><em>ἰδιῶται</em></span> <span class='ocrx_word' id='word_1_196' title='bbox 436 1813 550 1869; x_wconf 87' lang='grc' dir='ltr'><em>πρὸς</em></span> <span class='ocrx_word' id='word_1_197' title='bbox 580 1814 740 1868; x_wconf 79' lang='grc' dir='ltr'><em>ὑγίειαν</em></span> <span class='ocrx_word' id='word_1_198' title='bbox 771 1814 1098 1869; x_wconf 83' lang='grc' dir='ltr'><em>προςφέρονται.</em></span> <span class='ocrx_word' id='word_1_199' title='bbox 1130 1814 1312 1869; x_wconf 77' lang='grc' dir='ltr'><em>ποθεινὴ</em></span> <span class='ocrx_word' id='word_1_200' title='bbox 1347 1814 1396 1856; x_wconf 84' lang='grc' dir='ltr'><em>δέ</em></span> <span class='ocrx_word' id='word_1_201' title='bbox 1426 1814 1508 1856; x_wconf 82' lang='grc' dir='ltr'><em>ἔστι</em></span> <span class='ocrx_word' id='word_1_202' title='bbox 1548 1817 1652 1856; x_wconf 88' lang='grc' dir='ltr'><em>πᾶσι</em></span> 
     </span>
     <span class='ocr_line' id='line_1_25' title="bbox 242 1885 1652 1941; baseline 0 -13"><span class='ocrx_word' id='word_1_203' title='bbox 242 1887 316 1928; x_wconf 85' lang='grc' dir='ltr'><em>καὶ</em></span> <span class='ocrx_word' id='word_1_204' title='bbox 348 1887 561 1938; x_wconf 78' lang='grc' dir='ltr'><em>ἐπίδοξος,</em></span> <span class='ocrx_word' id='word_1_205' title='bbox 594 1886 751 1941; x_wconf 87' lang='grc' dir='ltr'><em>καίπερ</em></span> <span class='ocrx_word' id='word_1_206' title='bbox 785 1885 894 1928; x_wconf 82' lang='grc' dir='ltr'><em>οὖσα</em></span> <span class='ocrx_word' id='word_1_207' title='bbox 927 1890 978 1941; x_wconf 84' lang='grc' dir='ltr'><em>τῇ</em></span> <span class='ocrx_word' id='word_1_208' title='bbox 1009 1886 1140 1941; x_wconf 83' lang='grc' dir='ltr'><em>ῥώμῃ</em></span> <span class='ocrx_word' id='word_1_209' title='bbox 1173 1886 1362 1941; x_wconf 87' lang='grc' dir='ltr'><em>ἀσθενὴς</em></span> <span class='ocrx_word' id='word_1_210' title='bbox 1392 1886 1468 1941; x_wconf 88' lang='grc' dir='ltr'><em>τὴν</em></span> <span class='ocrx_word' id='word_1_211' title='bbox 1494 1887 1652 1941; x_wconf 85' lang='grc' dir='ltr'><em>σοφίαν</em></span> 
     </span>
     <span class='ocr_line' id='line_1_26' title="bbox 241 1959 1651 2016; baseline -0.001 -14"><span class='ocrx_word' id='word_1_212' title='bbox 241 1960 453 2016; x_wconf 88' lang='grc' dir='ltr'><em>τιμήσασα</em></span> <span class='ocrx_word' id='word_1_213' title='bbox 486 1960 695 2016; x_wconf 90' lang='grc' dir='ltr'><em>προήχθη</em></span> <span class='ocrx_word' id='word_1_214' title='bbox 735 1975 815 2012; x_wconf 85' lang='grc'><em>-;</em></span> <span class='ocrx_word' id='word_1_215' title='bbox 851 1959 926 2001; x_wconf 83' lang='lat' dir='ltr'>cfr.</span> <span class='ocrx_word' id='word_1_216' title='bbox 961 1960 1091 2001; x_wconf 83' lang='lat' dir='ltr'>etiam</span> <span class='ocrx_word' id='word_1_217' title='bbox 1124 1959 1285 2002; x_wconf 80' lang='lat' dir='ltr'>Sirach.</span> <span class='ocrx_word' id='word_1_218' title='bbox 1318 1973 1352 2002; x_wconf 83' lang='lat' dir='ltr'><em>c.</em></span> <span class='ocrx_word' id='word_1_219' title='bbox 1391 1959 1469 2014; x_wconf 82' lang='lat' dir='ltr'><em>XI,</em></span> <span class='ocrx_word' id='word_1_220' title='bbox 1509 1960 1559 2001; x_wconf 86' lang='lat'><em>3:</em></span> <span class='ocrx_word' id='word_1_221' title='bbox 1595 1985 1651 1989; x_wconf 90' lang='lat'><strong>—</strong></span> 
     </span>
     <span class='ocr_line' id='line_1_27' title="bbox 240 2031 1653 2089; baseline -0.001 -14"><span class='ocrx_word' id='word_1_222' title='bbox 240 2033 377 2089; x_wconf 89' lang='grc' dir='ltr'><em>μικρά</em></span> <span class='ocrx_word' id='word_1_223' title='bbox 419 2033 465 2075; x_wconf 81' lang='grc' dir='ltr'><em>ἓν</em></span> <span class='ocrx_word' id='word_1_224' title='bbox 506 2036 710 2079; x_wconf 84' lang='grc' dir='ltr'><em>πετεινοῖς</em></span> <span class='ocrx_word' id='word_1_225' title='bbox 749 2032 940 2087; x_wconf 80' lang='grc' dir='ltr'><em>μέλισσα,</em></span> <span class='ocrx_word' id='word_1_226' title='bbox 987 2031 1062 2074; x_wconf 85' lang='grc' dir='ltr'><em>καὶ</em></span> <span class='ocrx_word' id='word_1_227' title='bbox 1108 2032 1220 2087; x_wconf 87' lang='grc' dir='ltr'><em>ἀρχὴ</em></span> <span class='ocrx_word' id='word_1_228' title='bbox 1264 2031 1580 2087; x_wconf 88' lang='grc' dir='ltr'><em>γλυκασμάτων</em></span> <span class='ocrx_word' id='word_1_229' title='bbox 1628 2031 1653 2073; x_wconf 86' lang='grc' dir='ltr'>ὁ</span> 
     </span>
     <span class='ocr_line' id='line_1_28' title="bbox 239 2104 1650 2161; baseline -0.001 -13"><span class='ocrx_word' id='word_1_230' title='bbox 239 2106 413 2161; x_wconf 83' lang='grc' dir='ltr'><em>καρπὸς</em></span> <span class='ocrx_word' id='word_1_231' title='bbox 443 2106 574 2160; x_wconf 84' lang='grc' dir='ltr'><em>αὐτῆς</em></span> <span class='ocrx_word' id='word_1_232' title='bbox 597 2131 665 2159; x_wconf 82' lang='grc'><em>-,</em></span> <span class='ocrx_word' id='word_1_233' title='bbox 686 2118 769 2147; x_wconf 84' lang='lat' dir='ltr'>nec</span> <span class='ocrx_word' id='word_1_234' title='bbox 802 2118 890 2146; x_wconf 90' lang='lat' dir='ltr'><em>non</em></span> <span class='ocrx_word' id='word_1_235' title='bbox 924 2105 1047 2146; x_wconf 82' lang='lat' dir='ltr'>Prov.</span> <span class='ocrx_word' id='word_1_236' title='bbox 1082 2104 1231 2158; x_wconf 90' lang='lat' dir='ltr'>XXX,</span> <span class='ocrx_word' id='word_1_237' title='bbox 1266 2105 1345 2146; x_wconf 82' lang='lat'><em>25:</em></span> <span class='ocrx_word' id='word_1_238' title='bbox 1382 2130 1437 2134; x_wconf 82' lang='lat'><em>—-</em></span> <span class='ocrx_word' id='word_1_239' title='bbox 1469 2105 1512 2147; x_wconf 83' lang='grc' dir='ltr'><em>οἱ</em></span> <span class='ocrx_word' id='word_1_240' title='bbox 1539 2105 1650 2160; x_wconf 87' lang='grc' dir='ltr'><em>μύρ-</em></span> 
     </span>
    </p>
   </div>
   <div class='ocr_carea' id='block_1_2' title="bbox 240 2178 1652 2234">
    <p class='ocr_par' dir='ltr' id='par_1_2' title="bbox 240 2178 1652 2234">
     <span class='ocr_line' id='line_1_29' title="bbox 240 2178 1652 2234; baseline -0.001 -13"><span class='ocrx_word' id='word_1_241' title='bbox 240 2195 380 2234; x_wconf 90' lang='grc' dir='ltr'><em>μηκες</em></span> <span class='ocrx_word' id='word_1_242' title='bbox 422 2178 485 2226; x_wconf 85' lang='grc' dir='ltr'><em>οἷς</em></span> <span class='ocrx_word' id='word_1_243' title='bbox 526 2179 588 2234; x_wconf 89' lang='grc' dir='ltr'><em>μή</em></span> <span class='ocrx_word' id='word_1_244' title='bbox 631 2179 740 2221; x_wconf 83' lang='grc' dir='ltr'><em>ἐστιν</em></span> <span class='ocrx_word' id='word_1_245' title='bbox 780 2179 912 2234; x_wconf 83' lang='grc' dir='ltr'><em>ἰσχύς,</em></span> <span class='ocrx_word' id='word_1_246' title='bbox 945 2178 1019 2220; x_wconf 85' lang='grc' dir='ltr'><em>καὶ</em></span> <span class='ocrx_word' id='word_1_247' title='bbox 1060 2179 1352 2233; x_wconf 83' lang='grc' dir='ltr'><em>ἕτοιμάζονται</em></span> <span class='ocrx_word' id='word_1_248' title='bbox 1383 2178 1546 2234; x_wconf 86' lang='grc' dir='ltr'><em>θέρους</em></span> <span class='ocrx_word' id='word_1_249' title='bbox 1576 2178 1652 2233; x_wconf 87' lang='grc' dir='ltr'><em>τὴν</em></span> 
     </span>
    </p>
   </div>
   <div class='ocr_carea' id='block_1_3' title="bbox 238 2251 1652 2677">
    <p class='ocr_par' dir='ltr' id='par_1_3' title="bbox 238 2251 1652 2677">
     <span class='ocr_line' id='line_1_30' title="bbox 240 2251 1650 2308; baseline -0.001 -14"><span class='ocrx_word' id='word_1_250' title='bbox 240 2253 408 2308; x_wconf 85' lang='grc' dir='ltr'><em>τροφήν</em></span> <span class='ocrx_word' id='word_1_251' title='bbox 462 2277 518 2281; x_wconf 87' lang='lat'><em>—-</em></span> <span class='ocrx_word' id='word_1_252' title='bbox 575 2251 732 2308; x_wconf 81' lang='grc' dir='ltr'><em>(φῦλον</em></span> <span class='ocrx_word' id='word_1_253' title='bbox 774 2252 809 2293; x_wconf 84' lang='grc' dir='ltr'><em>δ’</em></span> <span class='ocrx_word' id='word_1_254' title='bbox 842 2252 985 2306; x_wconf 88' lang='grc' dir='ltr'><em>ὀλίγον</em></span> <span class='ocrx_word' id='word_1_255' title='bbox 1031 2252 1190 2293; x_wconf 88' lang='grc' dir='ltr'><em>τελέθει</em></span> <span class='ocrx_word' id='word_1_256' title='bbox 1243 2251 1532 2307; x_wconf 87' lang='grc' dir='ltr'><em>πολύμοχθον</em></span> <span class='ocrx_word' id='word_1_257' title='bbox 1591 2264 1650 2292; x_wconf 85' lang='lat' dir='ltr'><em>VS.</em></span> 
     </span>
     <span class='ocr_line' id='line_1_31' title="bbox 244 2324 1649 2381; baseline -0.001 -14"><span class='ocrx_word' id='word_1_258' title='bbox 244 2327 355 2379; x_wconf 82' lang='lat'>170).</span> <span class='ocrx_word' id='word_1_259' title='bbox 395 2325 463 2366; x_wconf 88' lang='lat' dir='ltr'><em>Vs.</em></span> <span class='ocrx_word' id='word_1_260' title='bbox 501 2326 585 2366; x_wconf 81' lang='lat'><em>179</em></span> <span class='ocrx_word' id='word_1_261' title='bbox 620 2339 645 2366; x_wconf 82' lang='lat' dir='ltr'>a</span> <span class='ocrx_word' id='word_1_262' title='bbox 678 2325 778 2366; x_wconf 70' lang='lat' dir='ltr'>LeV.</span> <span class='ocrx_word' id='word_1_263' title='bbox 800 2325 955 2366; x_wconf 81' lang='lat' dir='ltr'>XVIII</span> <span class='ocrx_word' id='word_1_264' title='bbox 980 2325 1222 2366; x_wconf 82' lang='lat' dir='ltr'>derivatur:</span> <span class='ocrx_word' id='word_1_265' title='bbox 1248 2324 1649 2381; x_wconf 86' lang='grc' dir='ltr'><em>-Ἀσχημοσύνην</em></span> 
     </span>
     <span class='ocr_line' id='line_1_32' title="bbox 239 2397 1649 2454; baseline 0 -14"><span class='ocrx_word' id='word_1_266' title='bbox 239 2397 443 2454; x_wconf 85' lang='grc' dir='ltr'><em>γυναικὸς</em></span> <span class='ocrx_word' id='word_1_267' title='bbox 473 2398 638 2454; x_wconf 85' lang='grc' dir='ltr'><em>πατρός</em></span> <span class='ocrx_word' id='word_1_268' title='bbox 670 2415 750 2441; x_wconf 90' lang='grc' dir='ltr'><em>σου</em></span> <span class='ocrx_word' id='word_1_269' title='bbox 783 2399 865 2440; x_wconf 81' lang='grc' dir='ltr'><em>οὐκ</em></span> <span class='ocrx_word' id='word_1_270' title='bbox 903 2399 1214 2453; x_wconf 85' lang='grc' dir='ltr'><em>ἀποκαλύψεις·</em></span> <span class='ocrx_word' id='word_1_271' title='bbox 1257 2399 1400 2454; x_wconf 87' lang='grc' dir='ltr'><em>μήτηρ</em></span> <span class='ocrx_word' id='word_1_272' title='bbox 1443 2398 1525 2453; x_wconf 91' lang='grc' dir='ltr'><em>γάρ</em></span> <span class='ocrx_word' id='word_1_273' title='bbox 1569 2414 1649 2440; x_wconf 92' lang='grc' dir='ltr'><em>σου</em></span> 
     </span>
     <span class='ocr_line' id='line_1_33' title="bbox 238 2472 1652 2529; baseline -0.002 -13"><span class='ocrx_word' id='word_1_274' title='bbox 238 2474 358 2527; x_wconf 79' lang='grc' dir='ltr'><em>ἐστίν,</em></span> <span class='ocrx_word' id='word_1_275' title='bbox 393 2473 474 2515; x_wconf 86' lang='grc' dir='ltr'><em>οὐκ</em></span> <span class='ocrx_word' id='word_1_276' title='bbox 508 2473 807 2528; x_wconf 83' lang='grc' dir='ltr'><em>ἀποκαλύψεις</em></span> <span class='ocrx_word' id='word_1_277' title='bbox 843 2472 919 2528; x_wconf 86' lang='grc' dir='ltr'><em>τὴν</em></span> <span class='ocrx_word' id='word_1_278' title='bbox 958 2473 1268 2529; x_wconf 85' lang='grc' dir='ltr'><em>ἀσχημοσύνην</em></span> <span class='ocrx_word' id='word_1_279' title='bbox 1311 2473 1442 2528; x_wconf 86' lang='grc' dir='ltr'><em>αὐτῆς</em></span> <span class='ocrx_word' id='word_1_280' title='bbox 1480 2487 1563 2525; x_wconf 84' lang='grc'><em>-;</em></span> <span class='ocrx_word' id='word_1_281' title='bbox 1609 2474 1652 2514; x_wconf 83' lang='lat' dir='ltr'>et</span> 
     </span>
     <span class='ocr_line' id='line_1_34' title="bbox 239 2545 1649 2603; baseline 0.001 -15"><span class='ocrx_word' id='word_1_282' title='bbox 239 2547 366 2589; x_wconf 83' lang='lat' dir='ltr'>Deut.</span> <span class='ocrx_word' id='word_1_283' title='bbox 399 2547 548 2602; x_wconf 91' lang='lat' dir='ltr'>XXII,</span> <span class='ocrx_word' id='word_1_284' title='bbox 582 2547 665 2588; x_wconf 86' lang='lat'><em>30:</em></span> <span class='ocrx_word' id='word_1_285' title='bbox 693 2572 748 2576; x_wconf 86' lang='lat'><em>—-—</em></span> <span class='ocrx_word' id='word_1_286' title='bbox 778 2545 842 2589; x_wconf 84' lang='grc' dir='ltr'><em>Οὐ</em></span> <span class='ocrx_word' id='word_1_287' title='bbox 873 2547 1060 2603; x_wconf 90' lang='grc' dir='ltr'><em>λήψηται</em></span> <span class='ocrx_word' id='word_1_288' title='bbox 1091 2546 1333 2601; x_wconf 83' lang='grc' dir='ltr'><em>ἅνθρωπος</em></span> <span class='ocrx_word' id='word_1_289' title='bbox 1363 2546 1439 2601; x_wconf 89' lang='grc' dir='ltr'><em>τὴν</em></span> <span class='ocrx_word' id='word_1_290' title='bbox 1467 2551 1649 2601; x_wconf 89' lang='grc' dir='ltr'><em>γυναῖκα</em></span> 
     </span>
     <span class='ocr_line' id='line_1_35' title="bbox 241 2621 1649 2677; baseline -0.001 -13"><span class='ocrx_word' id='word_1_291' title='bbox 241 2626 316 2665; x_wconf 88' lang='grc' dir='ltr'><em>τοῦ</em></span> <span class='ocrx_word' id='word_1_292' title='bbox 347 2622 512 2677; x_wconf 85' lang='grc' dir='ltr'><em>πατρὸς</em></span> <span class='ocrx_word' id='word_1_293' title='bbox 544 2623 688 2670; x_wconf 84' lang='grc' dir='ltr'><em>αὐτοῦ,</em></span> <span class='ocrx_word' id='word_1_294' title='bbox 721 2624 795 2665; x_wconf 87' lang='grc' dir='ltr'><em>καὶ</em></span> <span class='ocrx_word' id='word_1_295' title='bbox 827 2624 909 2665; x_wconf 81' lang='grc' dir='ltr'><em>οὐκ</em></span> <span class='ocrx_word' id='word_1_296' title='bbox 946 2622 1221 2677; x_wconf 82' lang='grc' dir='ltr'><em>ἀποκαλύψει</em></span> <span class='ocrx_word' id='word_1_297' title='bbox 1254 2621 1544 2677; x_wconf 89' lang='grc' dir='ltr'><em>συγκάλυμμα</em></span> <span class='ocrx_word' id='word_1_298' title='bbox 1573 2625 1649 2663; x_wconf 85' lang='grc' dir='ltr'><em>τοῦ</em></span> 
     </span>
    </p>
   </div>
  </div>
 </body>
</html>
