1844 3093
861 169 905 172 -
932 146 980 181 24
1008 169 1053 172 -

240 223 388 276 Bergk
421 223 657 277 (Kritisohe
690 221 859 278 beitrag
879 238 913 265 z.
938 224 1033 279 dog.
1067 224 1201 266 Phok.
1232 225 1358 274 Phil.)
1391 225 1656 280 singularem

239 297 477 340 lectionem
511 298 674 340 codicis
707 298 911 340 Vaticani
935 297 1183 352 emendans,
1207 297 1434 354 subrogat:
1461 324 1517 328 ——
1541 299 1657 354 χρῴ-

240 374 343 421 ζοις.
380 373 432 414 In
468 373 560 415 eod.
595 376 677 414 vat.
712 374 772 414 ita
804 386 908 414 Vsus
939 372 1118 427 legitur:

368 472 423 475 —
459 446 550 488 εἴθε
584 445 631 488 δὲ
662 446 758 500 μήτ’
783 446 928 501 ἄνομα
960 445 1059 487 τόδε
1087 445 1247 487 παθεῖν
1267 446 1375 501 μήτε
1398 445 1577 492 δικαίως
1599 472 1655 477 -—

243 522 373 573 atque
406 519 552 574 Bergk
586 533 762 561 versum
794 522 933 560 totum
965 519 1150 560 reficere
1184 521 1367 560 conatur
1399 519 1483 560 hoo
1504 522 1654 574 paeto:

242 591 334 633 εἴθε
367 592 414 633 δε
450 591 507 646 ιιὴ
541 591 730 647 χρῴζοις
761 592 885 646 ὄνομ’
931 592 1074 645 αἵματι
1120 591 1227 645 μήτε
1273 591 1453 638 δικαίως
1486 617 1542 621 —
1586 591 1658 633 Sic

243 666 557 721 interpretans:
588 683 605 703 «
634 668 802 720 mogest
837 665 897 706 du
936 665 1047 707 doeh
1086 666 1132 706 ni
1174 665 1321 707 weder
1352 666 1398 706 in
1431 666 1659 719 gereohter

242 738 356 779 nooh
395 738 689 793 ungereohter
710 737 841 779 sache
865 737 967 778 dein
1000 737 1188 779 schwert
1207 738 1286 778 mit
1316 738 1411 779 blut
1441 737 1605 779 farben.
1634 755 1652 775 »

369 812 466 853 Vss.
501 812 607 853 35-8
642 811 792 853 officia
825 824 927 866 erga
959 811 1173 852 finitimos
1205 814 1458 853 recensent:
1482 825 1658 854 versum

244 897 347 926 vero
383 884 439 924 38
475 883 627 925 confer
659 896 760 925 eum
793 882 938 925 verbis
970 882 1097 925 Deut.
1132 883 1257 935 X‘IX,
1294 884 1349 924 14
1384 897 1495 938 quae
1528 897 1659 939 supra

244 957 382 1011 attuli,
415 970 590 999 necnon
624 970 725 998 oum
757 956 883 998 Prov.
908 970 998 1011 oap.
1021 956 1169 1011 XXII,
1194 957 1275 998 28:
1303 983 1359 986 —
1382 956 1462 1012 Μὴ
1485 957 1657 1012 μέταιρε

245 1029 343 1083 ὅρια
377 1028 544 1076 αἰώνια,
577 1029 604 1069 ἃ
637 1028 787 1070 ἔθεντο
811 1028 853 1069 οἳ
873 1028 1054 1082 πατέρες
1075 1044 1167 1070 σου.
1192 1054 1248 1057 -
1271 1028 1461 1070 Versum
1491 1028 1546 1070 39
1582 1028 1657 1071 cfr,

246 1116 347 1145 cum
380 1102 482 1144 Lev.
516 1101 641 1155 XIX,
676 1102 733 1143 34
759 1127 814 1131 —-
833 1100 910 1148 εΩς
941 1102 967 1144 ὁ
999 1101 1233 1157 αὐτόχθων
1265 1102 1310 1144 ἓν
1343 1103 1456 1157 ὑμῖν,
1489 1103 1602 1145 ἔσται
1634 1103 1659 1145 ὁ

243 1175 512 1230 προςήλυτος
544 1175 569 1216 ὁ
600 1174 1013 1229 προςπορευόμενος
1043 1174 1156 1230 πρὸς
1174 1175 1300 1230 ὑμᾶς,
1322 1175 1396 1217 καὶ
1418 1175 1655 1231 ἀγαπήσεις

246 1247 376 1291 αὐτὸν
399 1248 462 1295 ὡς
485 1247 676 1290 σεαυτόν.
699 1247 848 1290 Verba
870 1250 1017 1290 autem
1040 1261 1151 1303 quae
1174 1251 1421 1303 sequuntur
1442 1248 1504 1290 ὅτι
1526 1265 1658 1303 προς-

245 1322 389 1378 ήλυτοι
422 1321 652 1377 ἐγενήθητε
684 1320 728 1363 ἕν
764 1325 818 1377 γῇ
851 1320 1057 1377 Αἰγύπτῳ
1079 1322 1189 1364 κτλ.
1221 1335 1332 1377 quae
1366 1321 1419 1363 ad
1447 1322 1658 1378 populum

244 1396 470 1450 judaicum
503 1395 782 1447 singulariter
814 1398 1021 1449 spectant,
1059 1395 1273 1437 locutioni
1312 1409 1464 1438 versus
1508 1397 1565 1438 40
1601 1422 1656 1425 —

244 1468 398 1514 πάντες
432 1466 514 1522 γὰρ
536 1466 691 1522 πηνίης
721 1466 981 1521 πειρώμεθα
998 1471 1072 1522 τῆς
1087 1467 1423 1522 πολυπλάγκτου
1448 1492 1503 1497 —
1530 1467 1658 1523 origi-

246 1555 348 1583 nem
370 1541 679 1595 praebuerunt,
703 1543 746 1581 et
763 1540 966 1581 omnibus
981 1540 1233 1582 hominibus
1256 1541 1480 1595 quadrant.
1504 1541 1578 1582 Vs.
1595 1541 1652 1581 44

247 1614 399 1657 confer
432 1627 534 1656 cum
567 1612 667 1655 LeV.
701 1612 846 1654 XXV.
881 1613 964 1655 23:
990 1639 1046 1643 —
1070 1613 1156 1655 Καὶ
1187 1614 1213 1669 ἡ
1238 1617 1293 1670 γῆ
1315 1613 1367 1656 οὗ
1388 1613 1659 1669 πραθήσεται

246 1689 304 1734 εἷς
335 1688 565 1742 βεβάωσιν·
599 1686 680 1741 ε’μὴ
715 1686 797 1740 γάρ
831 1687 938 1728 ἐστιν
972 1687 998 1741 ἡ
1037 1692 1110 1742 γῆ,
1153 1687 1256 1729 διότι
1287 1687 1546 1742 προςήλυτοι
1584 1687 1659 1729 καὶ

246 1760 452 1815 πάροικοι
488 1759 610 1814 ὑμεῖς
648 1759 737 1801 ε’στε
782 1758 970 1801 ἒνάντιόν
1014 1775 1103 1814 μου
1146 1776 1231 1810 —;
1274 1763 1317 1801 et
1359 1773 1460 1802 cum
1501 1759 1657 1801 Chron.

247 1833 420 1887 XXIX,
457 1833 512 1874 16
537 1859 593 1862 ——
618 1832 679 1874 ὅτι
709 1831 918 1886 πάροικοί
936 1832 1076 1887 ἔσμεν,
1099 1832 1288 1875 ἒνάντιόν
1310 1848 1389 1875 σου
1412 1832 1486 1874 καὶ
1505 1848 1658 1886 παροι-

246 1910 435 1954 κοῦντες,
469 1905 532 1952 ὡς
562 1905 717 1951 πάντες
749 1905 792 1946 οῖ
821 1904 1002 1959 πατέρες
1035 1906 1175 1959 ἡμῶν.
1209 1905 1272 1952 ὡς
1304 1904 1401 1948 σκιὰ
1435 1906 1481 1947 αῖ
1502 1906 1660 1961 ἡμέραι

246 1981 376 2035 ἡμῶν
414 1979 482 2021 ε’πὶ
517 1982 606 2033 γῆς,
639 1977 713 2019 καὶ
745 1978 827 2019 οὐκ
863 1978 972 2019 ἔστιν
1016 1978 1230 2033 ὗπομονή.
1272 2005 1327 2008 -
1367 1978 1557 2020 Versum
1600 1980 1655 2020 41

249 2052 430 2094 Crusius
462 2051 609 2105 (Anth.
643 2050 739 2105 lyr.)
772 2050 835 2092 sic
856 2050 1057 2092 exhibet:
1084 2076 1140 2080 —
1163 2051 1287 2106 χώρη
1312 2051 1351 2093 δ’
1366 2052 1455 2093 οὔτι
1481 2051 1660 2106 βέβαιον

247 2126 331 2180 ἔχει
362 2124 497 2166 πέδον
530 2123 805 2179 ἀνθρώποισι
828 2139 912 2173 -,·
936 2122 1034 2165 Otto
1059 2123 1216 2165 Goram
1238 2124 1472 2166 lectionem
1495 2149 1551 2153 —
1572 2124 1659 2179 χώ-

248 2215 328 2254 ρης
347 2224 402 2228 -
423 2198 624 2252 sequitur
644 2210 721 2252 pro
741 2222 796 2226 —-
814 2197 940 2252 χώρη
960 2223 1029 2251 -,
1056 2211 1187 2252 quam
1209 2211 1298 2239 non
1321 2197 1449 2238 modo
1470 2197 1659 2252 optimus

249 2271 386 2314 codex
423 2270 686 2312 Mutinensis
720 2269 898 2325 praebet
930 2272 973 2311 et
1005 2269 1149 2325 Bergk
1182 2270 1438 2312 auctoritate
1462 2283 1541 2311 sua
1561 2283 1659 2325 pro-

248 2345 331 2399 bat,
366 2344 443 2386 sed
476 2344 607 2386 etiam
639 2343 771 2385 verba
805 2343 960 2385 Chron.
985 2343 1016 2397 Ι,
1041 2344 1110 2398 29,
1137 2344 1205 2398 15,
1229 2357 1340 2398 quae
1363 2357 1494 2398 supra
1515 2343 1659 2385 attuli-

249 2432 358 2470 mus,
393 2421 435 2459 et
468 2417 656 2459 Socratis
689 2429 739 2458 ao
771 2416 965 2458 Platonis
999 2419 1043 2457 et
1079 2416 1444 2472 Philosophorum
1481 2429 1658 2471 graeco-

247 2504 345 2532 rum
396 2490 641 2531 eommunis
681 2490 898 2530 sententia
941 2489 1201 2530 confirmare
1248 2489 1475 2539 videntur:
1523 2489 1659 2530 πέδον

250 2564 369 2605 enim
402 2566 468 2604 est
500 2562 615 2603 orbis
649 2565 873 2615 terrarum,
897 2562 1024 2603 ouius
1048 2562 1228 2616 quaevis
1251 2564 1365 2603 terra
1392 2561 1551 2617 (χώρα)
1582 2562 1659 2602 ho-

248 2637 428 2692 spitium
463 2638 505 2677 et
537 2635 662 2689 quasi
695 2634 983 2676 diversorium
1018 2648 1105 2676 non
1132 2635 1315 2690 patriam
1337 2634 1654 2690 (Heimatlandz
