1844 3093
856 135 894 138 -
924 113 947 149 8
975 135 1020 139 -

234 186 454 229 lomaeum
476 187 828 243 Philometorem,
861 188 937 231 sed
960 191 1060 231 ante
1084 188 1305 232 Neronem
1330 190 1636 245 imperatorem

236 261 411 315 vixisse,
444 274 603 303 novam
635 262 895 303 sententiam
930 262 1048 304 haud
1080 263 1337 318 spernendis
1370 264 1638 318 argumentis

236 333 436 375 fulcivit:
482 346 613 388 quem
653 333 752 375 Otto
786 334 944 376 Goram
987 336 1033 376 in
1078 335 1176 377 diss.
1216 352 1234 373 «
1259 335 1324 378 De
1357 335 1638 391 Pseudopho-

237 406 382 462 cylide
405 424 423 445 »
456 409 484 459 1)
517 408 760 450 Aristobuli
793 408 1059 464 discipulum
1092 410 1287 452 extitisse
1322 410 1509 464 conjecit
1534 410 1575 464 2).

362 480 532 531 Quibus
576 484 722 523 tamen
773 482 1053 537 opinionibus
1095 482 1306 524 nonnulla
1349 481 1638 538 adjungenda,

238 553 450 595 nonnulla
483 553 767 596 validioribus
800 554 1042 597 rationibus
1066 554 1389 611 comprobanda
1414 559 1490 597 aut
1511 556 1641 598 etiam

241 627 464 669 reicienda
497 640 666 670 censeo.

915 761 969 803 ΙΙ.

363 845 494 900 Apud
526 846 738 900 primores
775 849 917 901 patres
961 846 1220 889 christianae
1265 846 1475 888 ecclesiae
1518 845 1641 887 nulla

240 918 373 971 hujus
407 919 612 961 carminis
644 920 807 961 mentio
842 920 1053 970 occurrit;
1088 932 1233 974 neque
1266 922 1331 961 est
1366 919 1481 973 quod
1515 919 1644 960 mire-

240 1004 348 1045 mur,
388 992 448 1033 ait
485 992 655 1045 Geram,
694 993 755 1033 uti
785 992 978 1047 Scaliger
1009 993 1156 1034 mirari
1188 992 1371 1045 videtur,
1396 1005 1496 1034 cum
1529 991 1640 1032 nihil

241 1064 344 1106 inde
378 1078 531 1107 eruere
564 1068 751 1120 possent,
784 1065 899 1107 sicut
931 1078 954 1107 e
986 1064 1108 1107 libris
1132 1068 1278 1120 aperte
1300 1065 1488 1112 ἕθνικοῖς
1516 1064 1586 1106 vel
1619 1077 1642 1106 e

242 1139 377 1181 sacris
410 1139 565 1181 litteris
599 1142 871 1181 consuerant.

367 1212 510 1253 Primo
543 1212 747 1253 laudatur
784 1212 899 1267 apud
933 1212 1169 1254 Stobaeum
1202 1213 1277 1266 qui
1322 1211 1451 1254 affert
1493 1224 1644 1253 versus

247 1285 406 1325 124-31
445 1284 538 1338 (ΙΙΙ,
583 1285 667 1337 26),
712 1284 858 1326 addito
904 1285 1080 1327 nomine
1134 1284 1407 1338 Φωκυλίδου,
1454 1287 1497 1326 et
1528 1283 1643 1339 apud

244 1357 516 1399 Nicandrum
550 1357 836 1416 Scholiastam
869 1357 994 1399 Alex.
1025 1358 1156 1411 (446),
1189 1358 1265 1411 qui
1298 1370 1450 1399 versus
1496 1357 1643 1410 171-4,

43 1442 49 1459 ¹
108 1446 125 1463 κ
183 1447 189 1451 ·
245 1430 404 1472 deinde
438 1424 912 1493 apuleermogefiem
944 1431 997 1485 (p.
1033 1430 1137 1483 377)
1171 1431 1247 1485 qui
1279 1443 1455 1472 versum
1490 1430 1574 1471 162
1602 1429 1690 1492 3)‚4}(
1748 1404 1787 1445 ἶ
1819 1432 1823 1437 ’

1710 1435 1745 1493 „2
1758 1437 1795 1487 j„
1810 1448 1823 1472 ι,

246 1504 423 1545 demum
456 1503 571 1557 apud
606 1503 882 1557 Apostolium
905 1503 980 1557 qui
1004 1516 1085 1544 vss.
1112 1503 1209 1556 130,
1244 1503 1313 1557 40,
1348 1503 1404 1544 30
1435 1504 1646 1544 memorat

249 1576 338 1630 (IV,
373 1576 429 1619 89
454 1590 502 1629 a3
537 1575 616 1630 XI,
651 1577 706 1617 53
731 1590 777 1629 a3
813 1575 979 1630 XVIII,
1013 1577 1068 1617 41
1104 1575 1154 1629 a).

374 1650 414 1699 1)
429 1649 480 1689 In
498 1648 608 1689 libro
626 1649 820 1690 secundo
834 1648 1149 1702 Sibyllinorum
1163 1648 1437 1689 oraculorum
1447 1648 1479 1699 4)
1496 1660 1646 1688 versus

245 1722 360 1764 inter
394 1722 449 1763 55
476 1725 519 1764 et
544 1722 628 1763 149
654 1721 936 1776 Phocilydaei
961 1721 1165 1763 carminis
1189 1733 1340 1763 versus
1374 1720 1479 1762 5-99
1504 1720 1645 1761 immi-

248 1798 436 1836 scentur.
461 1794 617 1836 Suidas
641 1807 743 1835 vero
761 1807 791 1834 s.
811 1807 848 1835 v,
873 1793 1132 1835 Φωκυλίδου
1152 1793 1259 1834 haec
1282 1792 1436 1833 habet:
1466 1808 1484 1829 «
1504 1824 1646 1833 .......

238 1867 471 1922 ”Εγραψεν
494 1867 574 1922 ἔπη
598 1866 672 1908 καὶ
694 1866 888 1921 ἐλεγείας,
910 1865 1181 1919 παραινέσεις
1205 1865 1296 1919 ἤτοι
1319 1867 1510 1918 γνῶμας,
1534 1864 1644 1906 ἅστι-

245 1955 323 1986 νας
354 1939 568 1994 κεφάλαια
603 1938 915 1993 ἐπιγράφουσιν
953 1937 1029 1980 εἰσὶ
1057 1937 1104 1979 δὲ
1133 1937 1181 1979 ἐκ
1216 1939 1304 1978 τῶν
1337 1935 1641 1991 Σιβυλλιακῶν

247 2013 518 2069 κεκλεμμένα
543 2031 577 2055 >>.

371 2086 454 2128 Sed
521 2086 803 2141 compilatum
869 2097 968 2126 cum
1023 2082 1304 2138 compilatore
1360 2084 1648 2124 commutasse

366 2244 392 2285 l)
418 2243 457 2277 in
486 2241 672 2288 Philolog.
701 2240 795 2277 1859
822 2252 907 2287 pag.
935 2239 1048 2275 XIX.

365 2304 392 2349 ²)
420 2301 534 2347 Quod
560 2302 638 2346 jam
664 2301 879 2348 suspicatus
906 2304 986 2335 erat
1013 2300 1180 2345 Bernays
1208 2311 1293 2347 pag.
1320 2299 1433 2334 XIX.

365 2365 392 2409 3)
422 2380 436 2395 «
455 2367 475 2400 ὁ
499 2365 537 2400 ἐν
555 2364 709 2409 Μιλήτῳ
737 2364 821 2402 θεός
852 2373 973 2408 φησιν·
1005 2362 1110 2398 οὐδὲν
1135 2362 1220 2397 ἄνευ
1255 2375 1343 2406 καμ.
1369 2361 1531 2405 καμάτου
1549 2361 1644 2395 πέλει

252 2426 424 2471 ἀνδράσιν
450 2423 590 2462 εὐπετὲς
608 2423 711 2468 ἔργον
729 2437 759 2456 ».
788 2419 862 2457 Sed
889 2420 1047 2467 antiquo
1075 2418 1274 2465 Phocylidi
1300 2419 1428 2466 potius
1445 2418 1548 2454 hunc
1565 2429 1645 2454 ver-

204 2515 210 2526 ‚.
255 2497 340 2520 sum
368 2482 614 2520 tribuendum
640 2494 728 2517 cum
755 2481 898 2517 Goram
925 2492 1068 2516 censeo.
1095 2480 1170 2526 (De
1196 2491 1272 2526 qua
1297 2491 1337 2515 re
1362 2478 1448 2515 vide
1473 2479 1556 2524 inf.)

368 2546 397 2588 4)
425 2555 588 2593 quorum
615 2546 700 2579 octo
732 2542 913 2590 primores
951 2541 1068 2578 libros
1105 2540 1271 2577 secundo
1290 2540 1441 2577 saeculo
1466 2543 1552 2588 post
1576 2539 1646 2576 Oh.

251 2620 287 2644 n.
308 2607 499 2644 confectos
525 2617 605 2642 esse
630 2608 795 2641 recentes
821 2602 961 2641 eruditi
986 2603 1239 2641 consentiunt.
