1844 3093
824 155 869 158 -
898 142 939 169 02(
972 155 1017 158 -

222 211 296 253 Vs.
332 209 416 251 199
455 234 510 238 —
543 207 877 263 πολυχρήματος
913 234 969 238 -—
1004 208 1267 262 adJ'ectivum
1299 211 1364 250 est
1394 208 1440 249 in
1478 207 1618 249 soluta

375 280 568 323 oratione
592 279 814 334 sequioris
847 280 997 322 aetatis
1021 279 1248 322 dumtaxat
1268 279 1510 322 adhibitum
1526 279 1617 334 (cfr.

375 353 531 409 Bergk.
563 352 782 395 Kritische
814 352 923 394 Beit.
958 353 996 395 2.
1029 353 1097 395 Ps.
1130 367 1168 408 p.
1201 352 1318 407 XX).

223 429 296 471 Vs.
332 428 418 470 202
455 451 508 460 -—
532 426 743 482 ὗφιτένων
763 452 819 455 -
844 425 995 481 adJ’ect.
1018 439 1105 481 seq.
1129 429 1207 469 aet.

224 501 298 542 Vs.
333 501 420 542 210
454 525 510 529 —
543 498 790 554 πλοκαμηΐς
821 524 877 528 —-
911 498 1054 540 Voces
1086 499 1132 539 in
1163 523 1219 527 —
1246 497 1312 554 ηΐς
1335 524 1389 527 -
1416 498 1619 540 cadentes

375 573 440 628 (ut
463 598 518 602 ———
541 570 792 627 θρεόακηΐς,
825 570 1067 627 ὃρεπανηΐς,
1095 570 1305 627 μεροπηΐς
1327 605 1463 612 .....
1487 572 1500 625 )
1522 584 1618 626 pro-

376 646 496 701 priae
528 648 631 687 sunt
660 648 885 700 poetarum
916 645 1090 686 serioris
1122 645 1229 698 aevi,
1261 644 1493 699 praecipue
1518 657 1618 685 vero

376 718 776 761 Alexandrinorum
797 710 966 773 (Bergk.
990 717 1098 759 Krit.
1121 717 1230 759 Beit.
1254 730 1284 759 s.
1308 716 1346 760 S.
1370 717 1473 771 ΡΠ).

224 794 275 836 V.
310 794 394 835 221
432 818 485 822 -
513 792 699 847 ὁμήλικα
723 818 779 822 -
803 791 897 833 adV.
921 805 951 833 S.
976 794 1054 833 aet.

224 868 276 910 V.
312 868 398 909 225
434 893 489 897 -—
512 865 790 916 ἒπονειόίζων
809 879 847 907 v.
870 879 901 907 s.
925 878 985 908 ae.
1009 865 1109 921 (cfr.
1133 865 1237 908 Lex.
1262 865 1390 920 Pape,
1414 863 1567 920 Soph.).

347 940 399 982 V.
432 940 594 994 Aliqua
625 939 768 981 adhuc
801 939 1004 981 carminis
1036 938 1192 981 Pseud.
1234 940 1435 992 corrupta
1473 950 1622 992 super-

226 1017 338 1068 sunt,
371 1016 421 1054 ut
452 1012 656 1054 admonet
685 1011 852 1067 Bergk:

225 1087 299 1129 Vs.
336 1087 441 1129 101·
433 1120 655 1128 ......
688 1084 761 1127 καὶ
784 1083 1008 1140 δαιμόνιον
1030 1083 1211 1140 χόλον”
1183 1099 1327 1140 ορσῃς.

286 1160 347 1200 ita
437 1173 445 1200 :
481 1191 658 1200 .....
690 1156 752 1213 μὴ
782 1157 818 1199 ὂ.
1023 1173 1061 1212 χ.
1176 1157 1211 1198 ὅ.
1328 1155 1621 1211 corrigendus.

225 1233 299 1276 Vs.
336 1233 446 1275 103:
482 1259 537 1262 —-
560 1231 635 1275 καὶ
654 1232 761 1288 τάχα
783 1231 847 1274 δ”
825 1248 873 1274 εκ
897 1231 1018 1287 γαίης
1038 1230 1307 1287 ἓλπίζομεν’
1286 1247 1328 1278 ες
1349 1230 1464 1286 φάος
1484 1229 1622 1272 ἐλθεῖν

378 1307 559 1349 fortasse
593 1305 874 1362 corrigendus
908 1308 972 1347 est
1003 1305 1086 1347 hoc
1116 1307 1263 1360 pacto:

351 1408 405 1412 —
430 1380 503 1424 καὶ
536 1380 620 1436 τάχ’
655 1381 708 1422 ἂν
739 1380 786 1422 ἐκ
821 1380 943 1435 γαίης
974 1379 1199 1434 ἐλπίζομεν
1231 1378 1260 1420 ε’.
1294 1395 1339 1434 φ.
1372 1378 1402 1420 ἕ.
1427 1393 1506 1430 -;

375 1455 632 1510 plerumque
666 1453 781 1495 enim
814 1452 1015 1495 verbum:
1051 1478 1106 1481 —
1150 1451 1306 1501 ἐλπίζω
1350 1464 1451 1493 cum
1493 1450 1621 1492 modo

224 1528 383 1570 infinit.
418 1531 461 1570 et
490 1527 638 1583 partic.
671 1526 724 1568 ἄν
756 1526 1046 1581 conjungitur.

227 1601 278 1643 V.
315 1602 423 1642 153:
460 1626 515 1629 —
539 1599 718 1655 ἐργάζευ
749 1599 949 1654 μοχθῶν,
983 1598 1046 1645 ὡς
1077 1598 1123 1647 ἒξ
1154 1597 1275 1640 ἰδίων
1311 1597 1533 1653 βιοτεύσῃς
1566 1622 1621 1626 —

379 1674 455 1715 ubi
476 1673 753 1729 participium
775 1698 831 1701 —
853 1672 1042 1728 μοχθῶν
1066 1698 1121 1701 -
1146 1672 1325 1714 minime
1343 1670 1625 1726 accipiendus
1711 1702 1719 1712 .

380 1749 467 1799 est,
501 1745 613 1787 bene
647 1744 914 1797 emendatur,
945 1747 1109 1785 mutato
1131 1743 1320 1798 μοχθῶν
1342 1743 1390 1784 in
1409 1741 1622 1798 μόχθωνε

378 1820 469 1876 (cfr.
504 1818 650 1873 Orus).

366 1921 422 1925 —
446 1893 638 1949 ἐργάζευ,
669 1892 860 1948 μόχθων
892 1892 955 1940 ὡς
986 1892 1033 1941 ἔξ
1064 1892 1185 1934 ἰδίων
1216 1891 1412 1948 βιοτεύῃς
1435 1916 1491 1920 —

379 1968 527 2021 (idest:
562 1970 612 2009 ut
641 1968 814 2023 proprio
845 1967 966 2009 vivas
983 1967 1129 2009 labore
1153 1966 1314 2009 confer.
1338 1965 1492 2021 Bergk.
1515 1964 1541 2006 1.
1565 1963 1625 2018 c.).

350 2042 416 2084 De
438 2042 491 2084 iis
515 2055 626 2097 quae
644 2041 698 2083 ad
713 2041 834 2083 dotes
851 2041 1035 2083 attinent
1050 2041 1176 2082 istius
1194 2040 1409 2094 carminis,
1427 2039 1487 2080 ita
1508 2051 1627 2080 men-

229 2120 316 2159 tem
359 2129 483 2158 suam
527 2115 720 2170 Scaliger
760 2115 915 2170 aperit:
965 2131 983 2152 «
1006 2113 1161 2168 Neque
1201 2113 1319 2155 enim
1356 2116 1461 2168 puto
1495 2111 1627 2152 ullius

229 2190 427 2230 veterum
460 2199 634 2229 carmen
666 2189 826 2241 extare,
860 2186 977 2240 quod
1010 2199 1111 2228 cum
1142 2185 1262 2241 poesi
1294 2185 1425 2239 hujus
1457 2184 1628 2237 Phocy-

227 2260 328 2303 lidis
360 2263 436 2303 aut
463 2259 677 2316 elegantia
708 2262 783 2302 aut
809 2260 949 2301 nitore
972 2258 1205 2301 verborum
1227 2257 1415 2301 conferri
1437 2257 1572 2313 possit
1593 2273 1626 2297 ».

229 2334 350 2386 Quae
385 2334 563 2389 quidem
593 2333 745 2375 laudes
777 2333 956 2375 modum
988 2333 1201 2375 excedere
1234 2332 1460 2384 videntur,
1495 2333 1547 2385 at,
1581 2334 1630 2370 ut

231 2407 459 2450 Goramius
470 2407 597 2450 illum
614 2409 805 2462 excusat,
824 2407 917 2449 veri
937 2406 1078 2449 simile
1102 2409 1167 2449 est
1188 2405 1457 2462 Scaligerum
1478 2408 1630 2460 poema

229 2481 313 2524 hoc
333 2495 423 2523 non
455 2494 557 2523 cum
578 2481 710 2523 totius
732 2492 912 2536 graecae
935 2480 1216 2534 antiquitatis,
1240 2479 1318 2521 sed
1335 2481 1504 2521 tantum
1526 2489 1623 2519 cum

230 2555 443 2610 sequioris
475 2555 626 2597 aetatis
660 2553 863 2611 operibus
896 2553 1093 2596 conferre
1125 2554 1172 2595 in
1204 2554 1349 2596 animo
1382 2551 1596 2594 habuisse.

353 2628 556 2671 Ceterum
599 2628 788 2670 auctoris
830 2628 1058 2683 ingenium
1102 2640 1284 2683 pensare
1325 2640 1382 2669 ex
1421 2626 1627 2681 poemate,
