1844 3093
214 217 378 269 γονῆας
410 233 466 243 d
500 213 701 256 inchoari
733 217 930 256 statuunt
954 215 994 269 l).
1027 215 1172 270 Bergk
1195 228 1297 257 vero
1323 217 1367 256 et
1394 194 1484 266 aiiii
1515 214 1613 255 illos

212 298 363 329 omnes
395 298 547 328 versus
578 286 978 343 Pseudophocylidj
1009 287 1257 330 adscribere
1283 301 1373 329 non
1396 286 1606 329 dubitant.

334 358 475 410 Quam
507 361 846 403 controversiam
876 362 970 417 ipse
1004 361 1148 417 Bergk
1182 361 1414 416 dejudicat.

333 432 480 488 Atque
506 433 552 474 in
579 431 730 489 primis
757 436 920 489 septem
938 434 1148 489 primores
1171 446 1321 476 versus
1344 437 1419 476 aut
1455 446 1606 476 omnes

212 506 529 561 expungendos
549 510 624 548 aut
645 520 795 548 omnes
817 507 1050 549 servandos
1069 520 1163 549 esse
1186 507 1406 549 ducimus:
1425 507 1606 549 sublatis

213 580 329 621 enim
362 578 533 621 duobus
556 579 818 634 primoribus
840 579 1049 634 versibus,
1067 580 1288 635 ἀκέφαλον
1313 579 1426 622 foret
1441 584 1604 636 poema,

213 654 262 693 ut
276 652 369 706 ipse
401 650 545 706 Bergk
586 651 827 706 profitetur,
871 665 921 693 ac
962 664 1138 707 prorsus
1181 651 1256 693 abs
1288 664 1334 693 re
1368 656 1483 693 esset
1515 665 1606 694 car—

212 737 314 767 men
354 724 555 766 inchoari
586 724 704 767 hunc
735 725 781 766 in
813 724 1020 766 modum:

625 798 732 853 μήτε
764 798 1078 852 γαμοκλοπέειν
1109 797 1196 839 κτλ.

212 871 360 925 Atqui,
394 874 442 912 ut
473 884 555 913 vss.
591 871 663 913 3-7
700 884 725 912 a
756 870 964 926 scriptore
1007 869 1166 924 reliqui
1197 870 1407 925 poematis
1439 869 1608 925 abjudi-

214 957 311 986 care
344 945 569 999 possimus,
603 944 722 986 nullo
754 948 879 999 pacto
913 957 1149 998 movemur,
1181 957 1283 985 cum
1313 944 1448 997 justas
1480 944 1609 985 ratio-

212 1030 291 1060 nes
322 1018 502 1064 minime
535 1018 821 1060 inveniamus.
865 1017 925 1059 At
969 1030 1070 1059 vero
1112 1017 1185 1058 isli
1228 1030 1379 1059 versus
1421 1016 1611 1059 breviter

212 1077 542 1145 praeceptorum
574 1104 788 1131 summam
821 1090 1105 1142 absolventes,
1139 1093 1187 1130 ut
1219 1091 1280 1130 ait
1310 1089 1465 1144 Bergk,
1487 1102 1610 1144 prae-

213 1162 350 1204 fixam
384 1162 438 1204 ad
471 1166 776 1218 argumentum
804 1162 1026 1204 materiam
1060 1161 1327 1215 subjiciunt:
1352 1174 1485 1216 quare
1517 1161 1610 1203 ido-

213 1248 347 1277 neum
380 1240 598 1291 occupant
627 1236 784 1277 locum.

336 1308 567 1351 Praeterea
588 1309 701 1363 licet,
724 1312 773 1350 ut
791 1307 988 1363 Bernays
1012 1307 1128 1363 dicit,
1146 1307 1265 1363 leges
1289 1307 1485 1363 decalogi
1507 1321 1608 1350 con-

216 1381 394 1436 tineant,
437 1381 565 1424 credo
607 1384 776 1437 poe'tam
820 1394 908 1422 non
950 1380 1200 1423 immediate
1234 1395 1259 1422 a
1292 1380 1497 1436 decalogo
1537 1394 1610 1423 eos

218 1455 520 1510 desumpsisse,
553 1455 630 1497 sed
661 1456 816 1510 potius,
850 1468 951 1496 cum
983 1459 1136 1510 poema
1157 1455 1239 1497 hoc
1263 1454 1440 1497 Graecis
1473 1455 1611 1497 homi-

214 1527 344 1569 nibus
378 1527 672 1581 elaboraverit,
705 1528 850 1582 graeci
890 1531 1040 1582 poetae
1073 1527 1189 1568 haud
1228 1527 1432 1582 ignobilis
1464 1541 1611 1582 pelso-

215 1614 316 1641 nam
358 1603 615 1654 mutuatum,
659 1600 856 1642 versibus
888 1599 941 1641 ab
974 1600 1153 1654 antiquo
1192 1600 1381 1654 quodam
1403 1600 1611 1655 vulgatis-

215 1674 323 1715 simo
355 1677 481 1729 poeta
511 1677 587 1715 aut
616 1673 797 1715 fortasse
829 1672 881 1714 ab
904 1673 998 1728 ipso
1031 1673 1272 1727 Phocylide
1295 1673 1477 1727 Milesio,
1502 1687 1610 1728 quo-

216 1746 443 1787 dammodo
488 1746 715 1801 descriptis
758 1749 801 1787 et
832 1746 1154 1800 consarcinatis,
1189 1746 1378 1804 orditum
1411 1759 1517 1801 esse,
1559 1760 1610 1788 ea
1696 1711 1714 1814 ³

214 1820 308 1875 ipsa
339 1819 392 1862 de
426 1833 566 1873 causa,
610 1818 723 1873 quod
766 1822 997 1874 praecepta
1040 1819 1234 1873 decalogi
1274 1820 1320 1860 in
1353 1821 1606 1862 memoriam

214 1895 479 1946 revocarent,
513 1895 556 1933 et
585 1892 632 1932 in
665 1892 727 1933 eis
758 1892 909 1946 paucis
941 1891 1135 1933 absoluta
1167 1891 1332 1932 monita
1353 1892 1605 1946 invenisset,

216 1980 328 2022 quae
359 1970 446 2013 τοῖς
477 1966 665 2012 ἒθνικοῖς
697 1965 993 2020 explicaturus
1026 1969 1069 2006 et
1100 1965 1451 2019 amplificaturus
1484 1971 1585 2008 erat.

337 2038 457 2089 Quae
490 2038 666 2093 quidem
699 2038 913 2080 sententia
944 2050 1031 2078 non
1059 2036 1186 2079 modo
1220 2050 1298 2092 per
1324 2050 1370 2079 se
1394 2038 1607 2079 verisimi—

214 2112 268 2154 lis
301 2116 382 2166 est,
410 2116 453 2154 et
483 2111 643 2153 refellit
674 2124 747 2153 eos
780 2112 856 2165 qui
888 2124 969 2152 vss
1004 2111 1076 2152 3-7
1105 2111 1420 2165 expungendos
1443 2115 1607 2165 putant,

216 2197 368 2227 verum
400 2184 529 2226 etiam
561 2184 796 2225 maximam
838 2182 1144 2227 difficultatem
1178 2183 1350 2238 disjicit,
1385 2197 1486 2226 cum
1519 2197 1606 2226 non

1695 193 1711 230 Ι,

333 2317 360 2362 ¹)
387 2316 509 2353 Simili
536 2315 648 2352 modo
673 2316 806 2364 incipit
832 2326 995 2362 carmen,
1029 2315 1131 2364 quod
1169 2332 1183 2347 ‹<
1200 2322 1308 2364 χρισᾶ·
1333 2318 1400 2364 ἔπη
1421 2332 1436 2347 »
1474 2317 1604 2352 inscri-

234 2379 361 2416 bitur:
849 2420 854 2423 ,

381 2443 398 2476 1
426 2442 635 2483 Ἀθανάτους
658 2442 724 2488 μὲν
748 2447 872 2489 πρῶτα
898 2441 1016 2485 θεοὺς,
1043 2443 1144 2487 νόμῳ
1171 2442 1221 2481 ὥς
1247 2442 1472 2488 ὃιάκει(ν)ται

383 2504 406 2540 2
437 2506 539 2551 Τίμα,
566 2505 629 2541 καὶ
655 2505 762 2552 σέβου
787 2505 909 2550 ὅρκον·
935 2504 1047 2540 ἔπειθ’
1076 2505 1200 2551 ἥρωας
1226 2504 1393 2551 ἀγαυοὺς,

381 2567 402 2601 3
455 2591 1562 2601 ...................

381 2629 404 2661 4
434 2628 522 2667 Τούς
547 2642 583 2663 τε
608 2633 720 2674 γονεῖς
745 2628 827 2672 τίμα
844 2641 879 2662 κ.
899 2642 926 2662 τ.
948 2627 980 2662 λ.
999 2625 1166 2672 (Fragm.
1186 2625 1284 2662 Phil.
1313 2626 1445 2662 Graec.
1464 2625 1609 2671 Didot).
