1844 3093
805 148 849 151 ,ε
877 124 923 162 27
952 148 996 151 -

201 202 348 250 δώσω,
371 203 557 256 ἀνάμενε
579 201 652 244 τὸν
673 201 840 256 Κύριον
862 229 918 233 -
943 206 1072 257 atque
1095 217 1192 245 oum
1218 203 1313 258 Sap.
1337 216 1371 245 e.
1405 203 1437 256 I,
1471 204 1517 244 8:
1543 229 1599 232 —

201 275 269 319 διὰ
301 279 425 318 τοῦτο
457 274 761 331 φθεγγόμενος
792 275 921 319 ἄδικα
955 276 1095 324 οὐδεὶς
1125 276 1186 332 μὴ
1219 276 1346 332 λάθῃ,
1379 275 1482 319 οὐδὲ
1512 275 1601 331 μὴν

198 349 454 405 παροδεύσῃ
488 348 618 392 αὐτὸν
649 350 880 405 ἐλέγχουσα
913 352 939 406 ἡ
973 350 1083 407 δίκη.
1117 377 1173 381 -—

321 423 416 465 Vss.
442 424 548 464 81-‘2
569 449 624 452 —
642 422 778 465 καλὸν
801 424 986 473 ξεινίζειν
1007 425 1172 479 ταχέως
1192 424 1351 466 λυταῒσι
1371 424 1601 478 τραπέζαις

199 499 225 552 ἢ
258 496 467 543 πλείσταις
498 496 686 539 θαλίαισι
727 497 1048 552 βραδυνούσαις
1091 497 1210 552 παρὰ
1252 497 1418 552 καιρόν.
1443 523 1497 527 --
1523 496 1598 540 cfr.

199 582 300 611 cum
333 568 458 610 PrOV.
491 568 590 623 XV,
627 570 679 611 17
707 595 763 599 —
787 569 1013 624 Κρείσσων
1046 569 1244 624 ξενισμὸς
1267 569 1373 624 μετὰ
1395 570 1599 611 λακάνων

197 641 310 697 πρὸς
340 641 484 696 φιλίαν
515 642 590 685 καὶ
620 643 756 697 χάριν,
778 644 805 698 ἢ
827 643 1068 698 παράθεσις
1088 643 1271 698 μόσχων
1289 642 1394 698 μετὰ
1422 643 1597 699 ἔχθρας.

314 715 410 757 Vss.
434 716 553 770 83-5,
572 719 621 757 ut
634 716 722 770 jam
753 715 950 771 Bernays
983 719 1027 758 et
1047 716 1121 758 alii
1143 706 1600 769 annnadverteruntse

197 787 324 830 Deut.
356 788 504 844 XXII,
539 790 564 831 6
598 790 810 845 originem
841 803 965 832 suam
986 789 1176 832 ducunt:
1204 807 1258 820 -ι
1282 789 1356 832 ἐὰν
1378 789 1425 832 δὲ
1446 805 1599 832 συναν-

198 862 328 917 τήσῃς
360 867 510 917 νοσσιᾷ
541 862 707 917 ὀρνέων
736 862 825 916 πρὸ
856 863 1100 917 προσώπου
1139 879 1219 905 σου
1261 863 1307 905 ἕν
1348 868 1399 918 τῇ
1436 862 1530 917 ὁδῷ
1571 864 1597 917 ἢ

201 937 269 979 ἐπὶ
299 936 424 978 παντὶ
457 936 638 991 δένδρῳ,
671 939 697 992 ἢ
730 936 798 979 ἐπὶ
828 940 915 979 τῶν
948 938 1066 985 ὠῶν,
1100 937 1152 980 οὗ
1183 936 1301 992 λήψῃ
1333 939 1409 992 τὴν
1437 936 1600 992 μητέρα

198 1009 303 1065 μετὰ
334 1013 421 1052 τῶν
451 1010 626 1053 τέκνων.
643 1010 881 1065 Ἀποστολῇ
909 1010 1158 1058 ἀποστολεῖς
1188 1009 1263 1065 τὴν
1283 1010 1461 1066 μητέρα,
1482 1009 1531 1051 τὰ
1554 1009 1601 1052 δὲ

197 1083 345 1125 παιδία
379 1083 496 1138 λήψῃ
530 1088 708 1137 σεαυτῷ,
740 1083 807 1125 ἵνα
840 1082 887 1125 εὖ
920 1099 987 1125 σοι
1020 1083 1199 1138 γένηται,
1220 1083 1294 1125 καὶ
1318 1082 1597 1138 πολυήμερος

201 1156 313 1212 γένῃ.
338 1183 394 1186 ——

322 1229 394 1271 Vs.
429 1230 486 1271 86
519 1230 644 1284 juxta
674 1228 850 1272 Deuter.
890 1230 921 1277 Ι,
959 1231 1012 1272 13
1036 1256 1091 1260 -
1115 1229 1211 1273 δότε
1242 1231 1408 1277 ἑαυτοῖς
1439 1229 1603 1283 ἄνδρας

201 1303 367 1358 σοφοὺς
397 1304 471 1346 καὶ
502 1304 787 1358 ἐπιστήμονας
817 1304 891 1346 καὶ
913 1304 1113 1352 συνετοὺς
1134 1306 1192 1352 εἷς
1211 1303 1286 1351 τὰς
1306 1303 1445 1358 φυλὰς
1471 1303 1599 1357 ὑμῶν

200 1402 257 1405 -
281 1379 325 1418 et
357 1376 507 1418 Esram
539 1376 636 1430 VIL
670 1377 750 1418 25:
776 1402 831 1406 ——
864 1376 940 1419 καὶ
971 1376 1035 1425 σὺ,
1061 1376 1208 1432 Ἐσρα,
1237 1377 1301 1424 ὡς
1321 1377 1347 1432 ἡ
1371 1376 1501 1431 σοφία
1523 1379 1599 1417 τοῦ

205 1447 319 1492 Θεοῦ
351 1449 396 1491 ἒν
416 1450 525 1505 χειρί
543 1465 634 1498 σου,
667 1449 933 1505 κατάστησον
966 1454 1230 1506 γραμματεῖς
1250 1449 1323 1492 καὶ
1343 1449 1501 1505 κριτάς,
1531 1449 1598 1490 ἵνα

199 1519 281 1564 ὦσι
312 1522 528 1576 κρίνοντες
557 1522 682 1564 παντὶ
712 1527 775 1577 τῷ
805 1522 901 1578 λαῷ
932 1523 977 1565 ἒν
1008 1523 1119 1578 πέρα
1151 1526 1227 1565 τοῦ
1257 1525 1459 1577 ποταμοῦ
1495 1524 1600 1564 πᾶσι

198 1598 284 1642 τοῖς
315 1595 446 1638 εἰδόσι
478 1595 616 1650 νόμον
647 1599 722 1638 τοῦ
754 1596 863 1638 θεοῦ
896 1612 975 1639 σου
1007 1596 1081 1639 καὶ
1113 1600 1175 1650 τῷ
1214 1595 1276 1651 μὴ
1320 1595 1445 1638 εἰδότι
1488 1610 1599 1650 γνω-

205 1672 335 1722 ριεῖτε.
360 1694 415 1698 ——

321 1741 416 1784 VSS.
452 1742 589 1784 91-94
621 1743 746 1797 Juxta
778 1742 939 1785 Siraeh.
973 1742 1048 1797 VI,
1084 1743 1138 1785 10
1163 1768 1218 1771 -
1241 1742 1315 1784 καὶ
1357 1742 1439 1784 ἔστι
1476 1740 1600 1796 φίλος

198 1813 412 1861 κοινωνὸς
431 1816 670 1869 τραπεζῶν,
692 1815 766 1857 καὶ
785 1815 1029 1870 παραμείνῃ
1054 1815 1099 1856 ἕν
1120 1815 1261 1870 ἡμέρᾳ
1282 1814 1479 1868 θλιψεώς
1501 1829 1593 1855 σου.

321 1888 416 1930 VSS.
452 1888 520 1942 95,
555 1889 580 1930 6
605 1914 661 1918 —
683 1888 779 1943 λαῷ
807 1887 869 1944 μὴ
901 1889 1077 1931 πίστευε·
1109 1887 1382 1942 πολύτροπός
1413 1887 1521 1930 ἔστιν
1553 1886 1597 1929 ὅ·

197 1948 321 2016 μιλος
341 1962 370 2017 1)
401 1960 507 2009 λαός
534 1961 628 2017 (τοι)
667 1961 741 2004 καὶ
771 1961 895 2017 ὕδωρ
932 1962 1195 2018 ἀκατάσχετα
1234 1961 1384 2003 πάντα.
1419 1986 1475 1990 ——
1509 1974 1597 2002 non

199 2034 417 2077 absimiles
447 2035 663 2089 judicabis
695 2036 979 2090 sequentibus
1003 2035 1146 2077 verbis
1167 2022 1307 2089 (ProV.
1331 2034 1480 2089 XXX,
1507 2035 1596 2086 16):

200 2134 256 2138 —-
284 2107 345 2164 Τῇ
374 2107 529 2165 βδέλλῃ
562 2112 672 2164 τρεῖς
702 2109 937 2165 θυγατέρες
968 2108 1078 2165 ἦσαν
1110 2108 1321 2165 ἀγαπήσει
1363 2108 1599 2164 ἀγαπώμε-

201 2197 281 2230 ναι,
315 2181 389 2223 καὶ
420 2182 465 2223 αἱ
494 2186 603 2236 τρεῖς
634 2180 757 2224 αὗται
790 2182 870 2224 οὐκ
904 2182 1241 2237 ἀναπίμπλασαν
1272 2182 1418 2237 αὐτὴν,
1455 2182 1529 2224 καὶ
1571 2183 1597 2236 ῆ

201 2253 371 2309 τετάρτη
406 2253 487 2296 οὐκ
520 2254 716 2310 ἠρκέσθη
750 2254 889 2296 εἰπεῖν·
926 2253 1097 2296 Ῑκανόν.
1113 2253 1270 2310 Ἅιδης,
1293 2253 1368 2296 καὶ
1388 2255 1502 2309 ἔρως
1524 2270 1597 2308 γυ-

315 2438 342 2483 ¹)
369 2436 498 2474 Codex
522 2437 783 2474 misoellaneus
801 2437 1043 2474 Janninanus
1061 2437 1259 2474 lectionem
1282 2453 1296 2469 ι
1326 2438 1564 2484 ἀρ’ῥενόφρων
1586 2454 1600 2469 »

192 2498 365 2542 exhibet;
393 2500 521 2545 (quam
549 2509 678 2534 vocem
702 2510 749 2534 ne
775 2499 813 2534 in
838 2498 1031 2535 Thesauro
1057 2498 1209 2546 quidem
1237 2499 1394 2535 Hem-ici
1422 2499 1602 2545 Stephani

192 2557 355 2604 invenio)
381 2558 448 2595 cfr.
475 2558 513 2594 in
540 2570 710 2595 sermone
734 2570 867 2607 graeco
900 2563 1117 2596 nostrorum
1152 2563 1365 2608 temporum
1397 2559 1604 2596 locutiones

193 2635 207 2651 «
229 2620 395 2667 ἄρσενικὸ
419 2622 527 2667 μιαλό
548 2637 562 2652 »
595 2637 610 2652 ‹
632 2622 798 2668 ἀρσενικὰ
823 2622 954 2669 κεφάλι
977 2638 1007 2658 ».
