<?xml version="1.0" encoding="UTF-8"?>
<!DOCTYPE html PUBLIC "-//W3C//DTD XHTML 1.0 Transitional//EN"
    "http://www.w3.org/TR/xhtml1/DTD/xhtml1-transitional.dtd">
<html xmlns="http://www.w3.org/1999/xhtml" xml:lang="en" lang="en">
 <head>
  <title>
</title>
<meta http-equiv="Content-Type" content="text/html;charset=utf-8" />
  <meta name='ocr-system' content='tesseract 3.04.00' />
  <meta name='ocr-capabilities' content='ocr_page ocr_carea ocr_par ocr_line ocrx_word'/>
</head>
<body>
  <div class='ocr_page' id='page_1' title='image "4737216_0025.png"; bbox 0 0 1844 3093; ppageno 0'>
   <div class='ocr_carea' id='block_1_1' title="bbox 234 109 1649 2575">
    <p class='ocr_par' dir='ltr' id='par_1_1' title="bbox 234 109 1646 1169">
     <span class='ocr_line' id='line_1_1' title="bbox 847 109 1037 142; baseline 0.005 -10"><span class='ocrx_word' id='word_1_1' title='bbox 847 129 892 132; x_wconf 79' lang='lat'><strong>—</strong></span> <span class='ocrx_word' id='word_1_2' title='bbox 922 109 964 142; x_wconf 81' lang='lat'>17</span> <span class='ocrx_word' id='word_1_3' title='bbox 999 129 1037 133; x_wconf 68' lang='grc'>.-</span> 
     </span>
     <span class='ocr_line' id='line_1_2' title="bbox 238 183 1640 239; baseline -0.002 -11"><span class='ocrx_word' id='word_1_4' title='bbox 238 199 340 228; x_wconf 92' lang='lat' dir='ltr'>men</span> <span class='ocrx_word' id='word_1_5' title='bbox 374 198 475 227; x_wconf 89' lang='lat' dir='ltr'>eum</span> <span class='ocrx_word' id='word_1_6' title='bbox 514 201 533 222; x_wconf 85' lang='lat'>«</span> <span class='ocrx_word' id='word_1_7' title='bbox 561 183 700 226; x_wconf 87' lang='grc' dir='ltr'><strong><em>ὀπίσω</em></strong></span> <span class='ocrx_word' id='word_1_8' title='bbox 724 200 742 221; x_wconf 92' lang='grc'>&gt;&gt;</span> <span class='ocrx_word' id='word_1_9' title='bbox 780 194 868 225; x_wconf 82' lang='grc'>11011</span> <span class='ocrx_word' id='word_1_10' title='bbox 890 183 1030 225; x_wconf 92' lang='lat' dir='ltr'>solum</span> <span class='ocrx_word' id='word_1_11' title='bbox 1057 200 1075 221; x_wconf 91' lang='lat'>«</span> <span class='ocrx_word' id='word_1_12' title='bbox 1102 186 1251 239; x_wconf 89' lang='lat' dir='ltr'>postea</span> <span class='ocrx_word' id='word_1_13' title='bbox 1272 201 1290 222; x_wconf 86' lang='lat'>»</span> <span class='ocrx_word' id='word_1_14' title='bbox 1323 183 1640 239; x_wconf 86' lang='lat' dir='ltr'>adsignificare,</span> 
     </span>
     <span class='ocr_line' id='line_1_3' title="bbox 236 255 1642 311; baseline -0.002 -10"><span class='ocrx_word' id='word_1_15' title='bbox 236 271 388 301; x_wconf 91' lang='lat' dir='ltr'>verum</span> <span class='ocrx_word' id='word_1_16' title='bbox 422 257 551 299; x_wconf 88' lang='lat' dir='ltr'>etiam</span> <span class='ocrx_word' id='word_1_17' title='bbox 581 272 599 294; x_wconf 87' lang='lat'>«</span> <span class='ocrx_word' id='word_1_18' title='bbox 628 268 778 297; x_wconf 90' lang='lat' dir='ltr'>rursus</span> <span class='ocrx_word' id='word_1_19' title='bbox 806 272 834 311; x_wconf 82' lang='lat'>»..</span> <span class='ocrx_word' id='word_1_20' title='bbox 861 255 930 310; x_wconf 85' lang='lat' dir='ltr'>(cf.</span> <span class='ocrx_word' id='word_1_21' title='bbox 964 255 1080 311; x_wconf 86' lang='lat' dir='ltr'>Pape</span> <span class='ocrx_word' id='word_1_22' title='bbox 1113 269 1144 298; x_wconf 92' lang='lat' dir='ltr'>s.</span> <span class='ocrx_word' id='word_1_23' title='bbox 1174 256 1212 298; x_wconf 94' lang='lat' dir='ltr'>h.</span> <span class='ocrx_word' id='word_1_24' title='bbox 1237 256 1290 310; x_wconf 85' lang='lat' dir='ltr'>v.)</span> <span class='ocrx_word' id='word_1_25' title='bbox 1313 280 1369 286; x_wconf 79' lang='lat'>—-</span> <span class='ocrx_word' id='word_1_26' title='bbox 1393 257 1452 298; x_wconf 87' lang='lat' dir='ltr'>At</span> <span class='ocrx_word' id='word_1_27' title='bbox 1484 255 1642 298; x_wconf 84' lang='lat' dir='ltr'>Geram</span> 
     </span>
     <span class='ocr_line' id='line_1_4' title="bbox 234 327 1638 384; baseline -0.004 -12"><span class='ocrx_word' id='word_1_28' title='bbox 234 330 471 372; x_wconf 89' lang='lat' dir='ltr'>absurdum</span> <span class='ocrx_word' id='word_1_29' title='bbox 489 329 689 383; x_wconf 82' lang='lat' dir='ltr'>opinatus</span> <span class='ocrx_word' id='word_1_30' title='bbox 707 327 825 382; x_wconf 91' lang='lat' dir='ltr'>quod</span> <span class='ocrx_word' id='word_1_31' title='bbox 842 328 1165 382; x_wconf 88' lang='lat' dir='ltr'>suggerendum</span> <span class='ocrx_word' id='word_1_32' title='bbox 1177 329 1405 371; x_wconf 78' lang='lat' dir='ltr'>edixerat«</span> <span class='ocrx_word' id='word_1_33' title='bbox 1422 329 1599 384; x_wconf 87' lang='lat' dir='ltr'>plurimi</span> <span class='ocrx_word' id='word_1_34' title='bbox 1619 346 1638 366; x_wconf 84' lang='lat'>›&gt;</span> 
     </span>
     <span class='ocr_line' id='line_1_5' title="bbox 236 399 1642 457; baseline -0.001 -13"><span class='ocrx_word' id='word_1_35' title='bbox 236 402 391 457; x_wconf 89' lang='lat' dir='ltr'>inquit,</span> <span class='ocrx_word' id='word_1_36' title='bbox 430 418 447 439; x_wconf 88' lang='lat'>«</span> <span class='ocrx_word' id='word_1_37' title='bbox 476 401 722 442; x_wconf 91' lang='lat' dir='ltr'>moriuntur</span> <span class='ocrx_word' id='word_1_38' title='bbox 753 399 953 454; x_wconf 78' lang='lat' dir='ltr'>infantes,</span> <span class='ocrx_word' id='word_1_39' title='bbox 975 401 1111 455; x_wconf 88' lang='lat' dir='ltr'>pueri,</span> <span class='ocrx_word' id='word_1_40' title='bbox 1135 400 1430 443; x_wconf 81' lang='lat' dir='ltr'>adolescentes</span> <span class='ocrx_word' id='word_1_41' title='bbox 1458 418 1492 455; x_wconf 83' lang='lat'>»,</span> <span class='ocrx_word' id='word_1_42' title='bbox 1517 404 1560 443; x_wconf 90' lang='lat' dir='ltr'>et</span> <span class='ocrx_word' id='word_1_43' title='bbox 1592 401 1642 443; x_wconf 86' lang='grc' dir='ltr'>ὅν</span> 
     </span>
     <span class='ocr_line' id='line_1_6' title="bbox 242 473 1638 528; baseline 0 -13"><span class='ocrx_word' id='word_1_44' title='bbox 242 492 260 512; x_wconf 90' lang='grc'>&lt;&lt;</span> <span class='ocrx_word' id='word_1_45' title='bbox 281 475 322 516; x_wconf 83' lang='grc' dir='ltr'>οἱ</span> <span class='ocrx_word' id='word_1_46' title='bbox 336 474 433 515; x_wconf 71' lang='grc' dir='ltr'><em>θεοὶ</em></span> <span class='ocrx_word' id='word_1_47' title='bbox 449 473 644 528; x_wconf 83' lang='grc' dir='ltr'><strong><em>φιλοῦσιν</em></strong></span> <span class='ocrx_word' id='word_1_48' title='bbox 661 473 930 527; x_wconf 71' lang='grc' dir='ltr'><em>ἀποθνήσκει</em></span> <span class='ocrx_word' id='word_1_49' title='bbox 946 473 1043 519; x_wconf 83' lang='grc' dir='ltr'><em>νέος</em></span> <span class='ocrx_word' id='word_1_50' title='bbox 1055 490 1073 510; x_wconf 88' lang='grc'>&gt;&gt;</span> <span class='ocrx_word' id='word_1_51' title='bbox 1098 473 1244 526; x_wconf 87' lang='lat' dir='ltr'>itaque</span> <span class='ocrx_word' id='word_1_52' title='bbox 1263 474 1463 527; x_wconf 82' lang='lat' dir='ltr'>proponit</span> <span class='ocrx_word' id='word_1_53' title='bbox 1479 473 1638 527; x_wconf 81' lang='grc' dir='ltr'><strong><em>λείψαν’</em></strong></span> 
     </span>
     <span class='ocr_line' id='line_1_7' title="bbox 241 543 1639 600; baseline 0.002 -17"><span class='ocrx_word' id='word_1_54' title='bbox 241 562 259 584; x_wconf 85' lang='grc'>&lt;&lt;</span> <span class='ocrx_word' id='word_1_55' title='bbox 277 544 580 600; x_wconf 85' lang='grc' dir='ltr'><em>ἀποιχομένων</em></span> <span class='ocrx_word' id='word_1_56' title='bbox 624 544 777 598; x_wconf 85' lang='grc' dir='ltr'><strong><em>ὀπίσω,</em></strong></span> <span class='ocrx_word' id='word_1_57' title='bbox 822 543 871 585; x_wconf 88' lang='grc' dir='ltr'>τὰ</span> <span class='ocrx_word' id='word_1_58' title='bbox 916 543 1024 585; x_wconf 75' lang='grc' dir='ltr'><em>θεοῦ</em></span> <span class='ocrx_word' id='word_1_59' title='bbox 1056 544 1295 586; x_wconf 74' lang='grc' dir='ltr'><em>τελέθονται</em></span> <span class='ocrx_word' id='word_1_60' title='bbox 1316 561 1352 594; x_wconf 88' lang='lat'>»‚</span> <span class='ocrx_word' id='word_1_61' title='bbox 1405 544 1639 600; x_wconf 90' lang='lat' dir='ltr'>[neutrum</span> 
     </span>
     <span class='ocr_line' id='line_1_8' title="bbox 234 616 1641 673; baseline -0.001 -13"><span class='ocrx_word' id='word_1_62' title='bbox 234 618 466 660; x_wconf 91' lang='lat' dir='ltr'>articulum</span> <span class='ocrx_word' id='word_1_63' title='bbox 500 617 581 672; x_wconf 82' lang='grc' dir='ltr'><em>(τὰ)</em></span> <span class='ocrx_word' id='word_1_64' title='bbox 609 630 776 672; x_wconf 91' lang='lat' dir='ltr'>ponens</span> <span class='ocrx_word' id='word_1_65' title='bbox 799 630 875 672; x_wconf 90' lang='lat' dir='ltr'>pro</span> <span class='ocrx_word' id='word_1_66' title='bbox 905 616 985 673; x_wconf 80' lang='grc' dir='ltr'><em>(δὲ)</em></span> <span class='ocrx_word' id='word_1_67' title='bbox 1015 617 1132 671; x_wconf 90' lang='lat' dir='ltr'>quod</span> <span class='ocrx_word' id='word_1_68' title='bbox 1159 618 1246 671; x_wconf 85' lang='lat' dir='ltr'>jam</span> <span class='ocrx_word' id='word_1_69' title='bbox 1272 619 1296 659; x_wconf 85' lang='lat'><strong>3</strong></span> <span class='ocrx_word' id='word_1_70' title='bbox 1323 617 1433 659; x_wconf 90' lang='lat' dir='ltr'>codd</span> <span class='ocrx_word' id='word_1_71' title='bbox 1455 618 1496 672; x_wconf 79' lang='lat'>(2</span> <span class='ocrx_word' id='word_1_72' title='bbox 1522 617 1641 659; x_wconf 85' lang='lat' dir='ltr'>Vind</span> 
     </span>
     <span class='ocr_line' id='line_1_9' title="bbox 237 689 1641 746; baseline -0.001 -12"><span class='ocrx_word' id='word_1_73' title='bbox 237 694 280 734; x_wconf 89' lang='lat' dir='ltr'>et</span> <span class='ocrx_word' id='word_1_74' title='bbox 311 691 503 742; x_wconf 87' lang='lat' dir='ltr'>Barocc.)</span> <span class='ocrx_word' id='word_1_75' title='bbox 524 689 759 746; x_wconf 88' lang='lat' dir='ltr'>omittunt]</span> <span class='ocrx_word' id='word_1_76' title='bbox 799 689 1023 732; x_wconf 72' lang='grc' dir='ltr'><em>τελέθοντα</em></span> <span class='ocrx_word' id='word_1_77' title='bbox 1057 690 1225 732; x_wconf 89' lang='lat' dir='ltr'>scilicet</span> <span class='ocrx_word' id='word_1_78' title='bbox 1255 690 1448 746; x_wconf 80' lang='grc' dir='ltr'><strong><em>λείψανα,</em></strong></span> <span class='ocrx_word' id='word_1_79' title='bbox 1482 691 1545 733; x_wconf 90' lang='lat' dir='ltr'>sic</span> <span class='ocrx_word' id='word_1_80' title='bbox 1575 692 1641 732; x_wconf 89' lang='lat' dir='ltr'>in-</span> 
     </span>
     <span class='ocr_line' id='line_1_10' title="bbox 237 763 1641 820; baseline 0 -14"><span class='ocrx_word' id='word_1_81' title='bbox 237 768 499 820; x_wconf 85' lang='lat' dir='ltr'>terpretans:</span> <span class='ocrx_word' id='word_1_82' title='bbox 520 790 576 793; x_wconf 96' lang='lat'><strong>—</strong></span> <span class='ocrx_word' id='word_1_83' title='bbox 601 763 692 805; x_wconf 89' lang='lat' dir='ltr'>und</span> <span class='ocrx_word' id='word_1_84' title='bbox 714 776 801 805; x_wconf 86' lang='lat' dir='ltr'>was</span> <span class='ocrx_word' id='word_1_85' title='bbox 823 763 1093 805; x_wconf 86' lang='lat' dir='ltr'>hinterdrein</span> <span class='ocrx_word' id='word_1_86' title='bbox 1127 764 1276 806; x_wconf 82' lang='lat' dir='ltr'>Gottes</span> <span class='ocrx_word' id='word_1_87' title='bbox 1298 764 1417 806; x_wconf 85' lang='lat' dir='ltr'>wird.</span> <span class='ocrx_word' id='word_1_88' title='bbox 1442 790 1498 794; x_wconf 86' lang='lat'>—-</span> <span class='ocrx_word' id='word_1_89' title='bbox 1521 764 1641 815; x_wconf 79' lang='lat' dir='ltr'>Quae</span> 
     </span>
     <span class='ocr_line' id='line_1_11' title="bbox 237 835 1641 891; baseline -0.001 -12"><span class='ocrx_word' id='word_1_90' title='bbox 237 850 337 880; x_wconf 81' lang='lat' dir='ltr'>vero</span> <span class='ocrx_word' id='word_1_91' title='bbox 373 836 600 878; x_wconf 81' lang='lat' dir='ltr'>Goramius</span> <span class='ocrx_word' id='word_1_92' title='bbox 634 836 769 878; x_wconf 85' lang='lat' dir='ltr'>multo</span> <span class='ocrx_word' id='word_1_93' title='bbox 805 835 997 878; x_wconf 88' lang='lat' dir='ltr'>deterius</span> <span class='ocrx_word' id='word_1_94' title='bbox 1030 850 1161 891; x_wconf 89' lang='lat' dir='ltr'>quam</span> <span class='ocrx_word' id='word_1_95' title='bbox 1194 836 1391 891; x_wconf 86' lang='lat' dir='ltr'>Bernays</span> <span class='ocrx_word' id='word_1_96' title='bbox 1422 850 1641 879; x_wconf 89' lang='lat' dir='ltr'>commen-</span> 
     </span>
     <span class='ocr_line' id='line_1_12' title="bbox 236 909 1643 964; baseline -0.001 -13"><span class='ocrx_word' id='word_1_97' title='bbox 236 914 306 951; x_wconf 90' lang='lat' dir='ltr'>tus</span> <span class='ocrx_word' id='word_1_98' title='bbox 339 922 432 952; x_wconf 88' lang='lat' dir='ltr'>esse</span> <span class='ocrx_word' id='word_1_99' title='bbox 465 910 584 950; x_wconf 87' lang='lat' dir='ltr'>visus</span> <span class='ocrx_word' id='word_1_100' title='bbox 617 912 682 951; x_wconf 90' lang='lat' dir='ltr'>est</span> <span class='ocrx_word' id='word_1_101' title='bbox 712 909 911 964; x_wconf 88' lang='lat' dir='ltr'>Bergkio,</span> <span class='ocrx_word' id='word_1_102' title='bbox 935 910 1012 964; x_wconf 89' lang='lat' dir='ltr'>qui</span> <span class='ocrx_word' id='word_1_103' title='bbox 1044 922 1145 951; x_wconf 84' lang='lat' dir='ltr'>vero</span> <span class='ocrx_word' id='word_1_104' title='bbox 1173 910 1261 963; x_wconf 88' lang='lat' dir='ltr'>jam</span> <span class='ocrx_word' id='word_1_105' title='bbox 1282 911 1506 951; x_wconf 81' lang='lat' dir='ltr'>annotavit</span> <span class='ocrx_word' id='word_1_106' title='bbox 1538 910 1643 952; x_wconf 89' lang='lat' dir='ltr'>Ber-</span> 
     </span>
     <span class='ocr_line' id='line_1_13' title="bbox 236 981 1646 1037; baseline 0.001 -14"><span class='ocrx_word' id='word_1_107' title='bbox 236 983 441 1037; x_wconf 88' lang='lat' dir='ltr'>naysium</span> <span class='ocrx_word' id='word_1_108' title='bbox 473 985 516 1024; x_wconf 92' lang='lat' dir='ltr'>et</span> <span class='ocrx_word' id='word_1_109' title='bbox 548 981 801 1023; x_wconf 81' lang='lat' dir='ltr'>Goramium</span> <span class='ocrx_word' id='word_1_110' title='bbox 821 981 930 1024; x_wconf 80' lang='lat' dir='ltr'>falso</span> <span class='ocrx_word' id='word_1_111' title='bbox 951 982 1218 1024; x_wconf 87' lang='lat' dir='ltr'>locutionem</span> <span class='ocrx_word' id='word_1_112' title='bbox 1240 996 1265 1024; x_wconf 91' lang='lat' dir='ltr'>a</span> <span class='ocrx_word' id='word_1_113' title='bbox 1287 982 1463 1024; x_wconf 87' lang='lat' dir='ltr'>Graecis</span> <span class='ocrx_word' id='word_1_114' title='bbox 1492 986 1534 1024; x_wconf 89' lang='lat' dir='ltr'>et</span> <span class='ocrx_word' id='word_1_115' title='bbox 1563 983 1646 1025; x_wconf 85' lang='lat' dir='ltr'>Ro-</span> 
     </span>
     <span class='ocr_line' id='line_1_14' title="bbox 236 1054 1645 1111; baseline 0.001 -15"><span class='ocrx_word' id='word_1_116' title='bbox 236 1056 377 1097; x_wconf 87' lang='lat' dir='ltr'>manis</span> <span class='ocrx_word' id='word_1_117' title='bbox 414 1055 696 1097; x_wconf 88' lang='lat' dir='ltr'>abhorentem</span> <span class='ocrx_word' id='word_1_118' title='bbox 732 1055 962 1110; x_wconf 82' lang='lat' dir='ltr'>judicasse,</span> <span class='ocrx_word' id='word_1_119' title='bbox 999 1054 1118 1096; x_wconf 91' lang='lat' dir='ltr'>illius</span> <span class='ocrx_word' id='word_1_120' title='bbox 1161 1055 1442 1111; x_wconf 87' lang='lat' dir='ltr'>Empedoclei</span> <span class='ocrx_word' id='word_1_121' title='bbox 1470 1068 1645 1111; x_wconf 87' lang='lat' dir='ltr'>prorsus</span> 
     </span>
     <span class='ocr_line' id='line_1_15' title="bbox 241 1127 427 1169; baseline 0 0"><span class='ocrx_word' id='word_1_122' title='bbox 241 1127 398 1169; x_wconf 90' lang='lat' dir='ltr'>oblitos</span> <span class='ocrx_word' id='word_1_123' title='bbox 419 1142 427 1169; x_wconf 91' lang='lat'><strong>:</strong></span> 
     </span>
    </p>

    <p class='ocr_par' dir='ltr' id='par_1_2' title="bbox 339 1201 1473 1258">
     <span class='ocr_line' id='line_1_16' title="bbox 339 1201 1473 1258; baseline 0.001 -15"><span class='ocrx_word' id='word_1_124' title='bbox 339 1218 359 1257; x_wconf 61' lang='grc' dir='ltr'>(ς</span> <span class='ocrx_word' id='word_1_125' title='bbox 375 1201 500 1256; x_wconf 83' lang='grc' dir='ltr'>Ἐγὼ</span> <span class='ocrx_word' id='word_1_126' title='bbox 533 1201 708 1257; x_wconf 79' lang='grc' dir='ltr'><em>δ’ὕμμιν</em></span> <span class='ocrx_word' id='word_1_127' title='bbox 739 1201 844 1249; x_wconf 73' lang='grc' dir='ltr'><em>θεὸς</em></span> <span class='ocrx_word' id='word_1_128' title='bbox 875 1202 1108 1257; x_wconf 77' lang='grc' dir='ltr'><em>ἄμβροτος,</em></span> <span class='ocrx_word' id='word_1_129' title='bbox 1141 1202 1281 1244; x_wconf 82' lang='grc' dir='ltr'><em>οὐκέτι</em></span> <span class='ocrx_word' id='word_1_130' title='bbox 1313 1201 1473 1258; x_wconf 78' lang='grc' dir='ltr'><em>θνητὸς</em></span> 
     </span>
    </p>

    <p class='ocr_par' dir='ltr' id='par_1_3' title="bbox 237 1272 1644 1475">
     <span class='ocr_line' id='line_1_17' title="bbox 320 1272 1644 1330; baseline -0.001 -14"><span class='ocrx_word' id='word_1_131' title='bbox 320 1272 561 1329; x_wconf 81' lang='grc' dir='ltr'><em>Ηωλεῢμαι</em></span> <span class='ocrx_word' id='word_1_132' title='bbox 576 1273 682 1329; x_wconf 87' lang='grc' dir='ltr'><em>μετὰ</em></span> <span class='ocrx_word' id='word_1_133' title='bbox 708 1277 812 1316; x_wconf 89' lang='grc' dir='ltr'>πᾶσι</span> <span class='ocrx_word' id='word_1_134' title='bbox 832 1275 1040 1330; x_wconf 84' lang='grc' dir='ltr'><em>τετιμένος</em></span> <span class='ocrx_word' id='word_1_135' title='bbox 1063 1291 1082 1312; x_wconf 92' lang='grc'>&gt;&gt;</span> <span class='ocrx_word' id='word_1_136' title='bbox 1110 1287 1283 1316; x_wconf 80' lang='lat' dir='ltr'>necnon</span> <span class='ocrx_word' id='word_1_137' title='bbox 1305 1287 1512 1316; x_wconf 79' lang='lat' dir='ltr'>versuum</span> <span class='ocrx_word' id='word_1_138' title='bbox 1541 1275 1644 1316; x_wconf 60' lang='lat'>704</span> 
     </span>
     <span class='ocr_line' id='line_1_18' title="bbox 237 1346 1644 1402; baseline 0.001 -16"><span class='ocrx_word' id='word_1_139' title='bbox 237 1346 355 1387; x_wconf 89' lang='lat' dir='ltr'>illius</span> <span class='ocrx_word' id='word_1_140' title='bbox 388 1347 592 1388; x_wconf 84' lang='lat' dir='ltr'>carminis</span> <span class='ocrx_word' id='word_1_141' title='bbox 615 1346 733 1400; x_wconf 88' lang='lat' dir='ltr'>quod</span> <span class='ocrx_word' id='word_1_142' title='bbox 750 1346 1004 1388; x_wconf 84' lang='lat' dir='ltr'>inscribitur</span> <span class='ocrx_word' id='word_1_143' title='bbox 1031 1363 1049 1384; x_wconf 89' lang='lat'>«</span> <span class='ocrx_word' id='word_1_144' title='bbox 1073 1351 1214 1402; x_wconf 84' lang='grc' dir='ltr'><strong><em>χρυσᾶ</em></strong></span> <span class='ocrx_word' id='word_1_145' title='bbox 1235 1348 1315 1402; x_wconf 81' lang='grc' dir='ltr'>ἔπη</span> <span class='ocrx_word' id='word_1_146' title='bbox 1344 1364 1377 1401; x_wconf 85' lang='lat'>&gt;›,</span> <span class='ocrx_word' id='word_1_147' title='bbox 1402 1351 1445 1388; x_wconf 90' lang='lat' dir='ltr'>et</span> <span class='ocrx_word' id='word_1_148' title='bbox 1466 1347 1644 1400; x_wconf 87' lang='lat' dir='ltr'>antiquo</span> 
     </span>
     <span class='ocr_line' id='line_1_19' title="bbox 238 1419 1101 1475; baseline 0 -14"><span class='ocrx_word' id='word_1_149' title='bbox 238 1422 391 1474; x_wconf 77' lang='lat' dir='ltr'>poetae</span> <span class='ocrx_word' id='word_1_150' title='bbox 423 1419 696 1475; x_wconf 87' lang='lat' dir='ltr'>Pythagorae</span> <span class='ocrx_word' id='word_1_151' title='bbox 728 1419 836 1461; x_wconf 81' lang='lat' dir='ltr'>falso</span> <span class='ocrx_word' id='word_1_152' title='bbox 870 1420 1101 1462; x_wconf 86' lang='lat' dir='ltr'>tribuitur:</span> 
     </span>
    </p>

    <p class='ocr_par' dir='ltr' id='par_1_4' title="bbox 324 1492 1559 1548">
     <span class='ocr_line' id='line_1_20' title="bbox 324 1492 1559 1548; baseline 0.002 -15"><span class='ocrx_word' id='word_1_153' title='bbox 324 1492 418 1534; x_wconf 72' lang='lat' dir='ltr'>&#39;&#39;Hv</span> <span class='ocrx_word' id='word_1_154' title='bbox 451 1493 730 1546; x_wconf 75' lang='grc' dir='ltr'><em>δ’ἀπολείψας</em></span> <span class='ocrx_word' id='word_1_155' title='bbox 761 1496 890 1547; x_wconf 86' lang='grc' dir='ltr'>σῶμα</span> <span class='ocrx_word' id='word_1_156' title='bbox 923 1494 966 1539; x_wconf 79' lang='grc' dir='ltr'>ἐς</span> <span class='ocrx_word' id='word_1_157' title='bbox 997 1494 1127 1548; x_wconf 78' lang='grc' dir='ltr'><strong><em>αἰθέρ’</em></strong></span> <span class='ocrx_word' id='word_1_158' title='bbox 1168 1494 1397 1548; x_wconf 75' lang='grc' dir='ltr'><em>ἐλεύθερον</em></span> <span class='ocrx_word' id='word_1_159' title='bbox 1428 1494 1559 1548; x_wconf 74' lang='grc' dir='ltr'><em>ἔλθῃς</em></span> 
     </span>
    </p>

    <p class='ocr_par' dir='ltr' id='par_1_5' title="bbox 327 1563 1561 1621">
     <span class='ocr_line' id='line_1_21' title="bbox 327 1563 1561 1621; baseline 0.001 -15"><span class='ocrx_word' id='word_1_160' title='bbox 327 1563 508 1607; x_wconf 84' lang='grc' dir='ltr'>”Εσσεαι</span> <span class='ocrx_word' id='word_1_161' title='bbox 539 1564 757 1611; x_wconf 74' lang='grc' dir='ltr'><em>ἀθάνατος</em></span> <span class='ocrx_word' id='word_1_162' title='bbox 789 1564 894 1612; x_wconf 72' lang='grc' dir='ltr'><strong><em>’θεὸς</em></strong></span> <span class='ocrx_word' id='word_1_163' title='bbox 925 1566 1156 1621; x_wconf 76' lang='grc' dir='ltr'><em>ἄμβροτος,</em></span> <span class='ocrx_word' id='word_1_164' title='bbox 1190 1566 1271 1607; x_wconf 79' lang='grc' dir='ltr'>οὐκ</span> <span class='ocrx_word' id='word_1_165' title='bbox 1305 1566 1361 1607; x_wconf 84' lang='grc' dir='ltr'>ἔτι</span> <span class='ocrx_word' id='word_1_166' title='bbox 1391 1566 1561 1620; x_wconf 73' lang='grc' dir='ltr'><em>θνητός.</em></span> 
     </span>
    </p>

    <p class='ocr_par' dir='ltr' id='par_1_6' title="bbox 365 1637 1646 1693">
     <span class='ocr_line' id='line_1_22' title="bbox 365 1637 1646 1693; baseline 0 -14"><span class='ocrx_word' id='word_1_167' title='bbox 365 1637 516 1679; x_wconf 86' lang='lat' dir='ltr'>Cicero</span> <span class='ocrx_word' id='word_1_168' title='bbox 550 1641 695 1680; x_wconf 85' lang='lat' dir='ltr'>autem</span> <span class='ocrx_word' id='word_1_169' title='bbox 738 1638 909 1679; x_wconf 87' lang='lat' dir='ltr'>Tuscul.</span> <span class='ocrx_word' id='word_1_170' title='bbox 956 1638 1127 1689; x_wconf 76' lang='lat' dir='ltr'>Quaest.</span> <span class='ocrx_word' id='word_1_171' title='bbox 1169 1639 1202 1681; x_wconf 90' lang='grc' dir='ltr'>Ι.</span> <span class='ocrx_word' id='word_1_172' title='bbox 1247 1640 1316 1693; x_wconf 81' lang='grc'>26,</span> <span class='ocrx_word' id='word_1_173' title='bbox 1362 1639 1440 1679; x_wconf 80' lang='grc'>65;</span> <span class='ocrx_word' id='word_1_174' title='bbox 1486 1655 1504 1675; x_wconf 86' lang='grc'>&lt;&lt;</span> <span class='ocrx_word' id='word_1_175' title='bbox 1531 1638 1646 1693; x_wconf 85' lang='lat' dir='ltr'>Ergo</span> 
     </span>
    </p>

    <p class='ocr_par' dir='ltr' id='par_1_7' title="bbox 238 1711 1646 2350">
     <span class='ocr_line' id='line_1_23' title="bbox 241 1711 1645 1767; baseline 0.001 -16"><span class='ocrx_word' id='word_1_176' title='bbox 241 1711 424 1766; x_wconf 88' lang='lat' dir='ltr'>animus,</span> <span class='ocrx_word' id='word_1_177' title='bbox 458 1714 506 1752; x_wconf 91' lang='lat' dir='ltr'>ut</span> <span class='ocrx_word' id='word_1_178' title='bbox 538 1723 617 1767; x_wconf 89' lang='lat' dir='ltr'>ego</span> <span class='ocrx_word' id='word_1_179' title='bbox 652 1711 760 1766; x_wconf 91' lang='lat' dir='ltr'>dico,</span> <span class='ocrx_word' id='word_1_180' title='bbox 796 1711 982 1766; x_wconf 89' lang='lat' dir='ltr'>divinus,</span> <span class='ocrx_word' id='word_1_181' title='bbox 1012 1716 1060 1753; x_wconf 91' lang='lat' dir='ltr'>ut</span> <span class='ocrx_word' id='word_1_182' title='bbox 1080 1712 1312 1767; x_wconf 85' lang='lat' dir='ltr'>Euripides</span> <span class='ocrx_word' id='word_1_183' title='bbox 1334 1712 1478 1754; x_wconf 91' lang='lat' dir='ltr'>dicere</span> <span class='ocrx_word' id='word_1_184' title='bbox 1502 1711 1645 1765; x_wconf 88' lang='lat' dir='ltr'>audet,</span> 
     </span>
     <span class='ocr_line' id='line_1_24' title="bbox 241 1774 1644 1839; baseline 0.001 -15"><span class='ocrx_word' id='word_1_185' title='bbox 241 1784 347 1825; x_wconf 89' lang='lat' dir='ltr'>deus</span> <span class='ocrx_word' id='word_1_186' title='bbox 381 1788 446 1826; x_wconf 90' lang='lat' dir='ltr'>est</span> <span class='ocrx_word' id='word_1_187' title='bbox 472 1800 518 1837; x_wconf 65' lang='grc' dir='ltr'>»ς</span> <span class='ocrx_word' id='word_1_188' title='bbox 553 1788 596 1826; x_wconf 92' lang='lat' dir='ltr'>et</span> <span class='ocrx_word' id='word_1_189' title='bbox 633 1786 702 1839; x_wconf 84' lang='lat'>33,</span> <span class='ocrx_word' id='word_1_190' title='bbox 737 1787 759 1826; x_wconf 83' lang='lat'>7</span> <span class='ocrx_word' id='word_1_191' title='bbox 768 1786 814 1826; x_wconf 82' lang='lat'>6:</span> <span class='ocrx_word' id='word_1_192' title='bbox 854 1774 898 1823; x_wconf 47' lang='lat'>«¹</span> <span class='ocrx_word' id='word_1_193' title='bbox 901 1819 1023 1827; x_wconf 92' lang='grc'><em>......</em></span> <span class='ocrx_word' id='word_1_194' title='bbox 1047 1789 1215 1827; x_wconf 86' lang='lat' dir='ltr'>tantum</span> <span class='ocrx_word' id='word_1_195' title='bbox 1248 1786 1369 1827; x_wconf 91' lang='lat' dir='ltr'>abest</span> <span class='ocrx_word' id='word_1_196' title='bbox 1402 1789 1450 1826; x_wconf 88' lang='lat' dir='ltr'>ut</span> <span class='ocrx_word' id='word_1_197' title='bbox 1482 1785 1644 1826; x_wconf 87' lang='lat' dir='ltr'>malum</span> 
     </span>
     <span class='ocr_line' id='line_1_25' title="bbox 239 1858 1645 1914; baseline 0.001 -16"><span class='ocrx_word' id='word_1_198' title='bbox 239 1870 355 1899; x_wconf 90' lang='lat' dir='ltr'>mors</span> <span class='ocrx_word' id='word_1_199' title='bbox 387 1858 443 1899; x_wconf 84' lang='lat' dir='ltr'>sit</span> <span class='ocrx_word' id='word_1_200' title='bbox 456 1891 575 1900; x_wconf 91' lang='grc'><strong>......</strong></span> <span class='ocrx_word' id='word_1_201' title='bbox 609 1858 835 1913; x_wconf 83' lang='lat' dir='ltr'>Siquidem</span> <span class='ocrx_word' id='word_1_202' title='bbox 868 1858 937 1901; x_wconf 80' lang='lat' dir='ltr'>vel</span> <span class='ocrx_word' id='word_1_203' title='bbox 958 1859 1006 1901; x_wconf 67' lang='lat' dir='ltr'>di</span> <span class='ocrx_word' id='word_1_204' title='bbox 1034 1858 1126 1914; x_wconf 71' lang='lat' dir='ltr'>ipsi</span> <span class='ocrx_word' id='word_1_205' title='bbox 1156 1858 1225 1900; x_wconf 85' lang='lat' dir='ltr'>vel</span> <span class='ocrx_word' id='word_1_206' title='bbox 1259 1872 1358 1900; x_wconf 89' lang='lat' dir='ltr'>cum</span> <span class='ocrx_word' id='word_1_207' title='bbox 1393 1858 1476 1899; x_wconf 89' lang='lat' dir='ltr'>diis</span> <span class='ocrx_word' id='word_1_208' title='bbox 1508 1858 1645 1899; x_wconf 80' lang='lat' dir='ltr'>futuri</span> 
     </span>
     <span class='ocr_line' id='line_1_26' title="bbox 239 1930 1646 1984; baseline 0.001 -15"><span class='ocrx_word' id='word_1_209' title='bbox 239 1942 390 1970; x_wconf 90' lang='lat' dir='ltr'>sumus</span> <span class='ocrx_word' id='word_1_210' title='bbox 412 1946 430 1967; x_wconf 87' lang='lat'>»</span> <span class='ocrx_word' id='word_1_211' title='bbox 467 1930 698 1971; x_wconf 86' lang='lat' dir='ltr'>Praeterea</span> <span class='ocrx_word' id='word_1_212' title='bbox 728 1930 872 1984; x_wconf 82' lang='lat' dir='ltr'>Bergk</span> <span class='ocrx_word' id='word_1_213' title='bbox 905 1934 1030 1971; x_wconf 86' lang='lat' dir='ltr'>acute</span> <span class='ocrx_word' id='word_1_214' title='bbox 1054 1931 1273 1971; x_wconf 83' lang='lat' dir='ltr'>observat:</span> <span class='ocrx_word' id='word_1_215' title='bbox 1315 1930 1536 1971; x_wconf 85' lang='lat' dir='ltr'>Judaeum</span> <span class='ocrx_word' id='word_1_216' title='bbox 1571 1931 1646 1971; x_wconf 90' lang='lat' dir='ltr'>ho-</span> 
     </span>
     <span class='ocr_line' id='line_1_27' title="bbox 240 1995 1644 2058; baseline 0.001 -16"><span class='ocrx_word' id='word_1_217' title='bbox 240 1995 415 2056; x_wconf 87' lang='lat' dir='ltr'>minem,</span> <span class='ocrx_word' id='word_1_218' title='bbox 448 2002 524 2056; x_wconf 87' lang='lat' dir='ltr'>qui</span> <span class='ocrx_word' id='word_1_219' title='bbox 555 2015 644 2043; x_wconf 90' lang='lat' dir='ltr'>non</span> <span class='ocrx_word' id='word_1_220' title='bbox 675 2002 703 2044; x_wconf 85' lang='lat' dir='ltr'>J</span> <span class='ocrx_word' id='word_1_221' title='bbox 707 2002 855 2044; x_wconf 90' lang='lat' dir='ltr'>udaeis</span> <span class='ocrx_word' id='word_1_222' title='bbox 878 2002 955 2044; x_wconf 88' lang='lat' dir='ltr'>sed</span> <span class='ocrx_word' id='word_1_223' title='bbox 979 2002 1154 2045; x_wconf 83' lang='lat' dir='ltr'>Graecis</span> <span class='ocrx_word' id='word_1_224' title='bbox 1175 2006 1328 2058; x_wconf 72' lang='lat' dir='ltr'>poema</span> <span class='ocrx_word' id='word_1_225' title='bbox 1351 2002 1644 2057; x_wconf 80' lang='lat' dir='ltr'>destinaverit,</span> 
     </span>
     <span class='ocr_line' id='line_1_28' title="bbox 238 2075 1645 2130; baseline 0.001 -14"><span class='ocrx_word' id='word_1_226' title='bbox 238 2087 493 2130; x_wconf 88' lang='lat' dir='ltr'>graecorum</span> <span class='ocrx_word' id='word_1_227' title='bbox 530 2075 886 2130; x_wconf 89' lang='lat' dir='ltr'>philosophorum</span> <span class='ocrx_word' id='word_1_228' title='bbox 927 2076 1086 2130; x_wconf 89' lang='lat' dir='ltr'>placita</span> <span class='ocrx_word' id='word_1_229' title='bbox 1127 2079 1329 2118; x_wconf 88' lang='lat' dir='ltr'>secutum</span> <span class='ocrx_word' id='word_1_230' title='bbox 1370 2089 1476 2130; x_wconf 88' lang='lat' dir='ltr'>esse,</span> <span class='ocrx_word' id='word_1_231' title='bbox 1511 2075 1645 2130; x_wconf 91' lang='lat' dir='ltr'>idque</span> 
     </span>
     <span class='ocr_line' id='line_1_29' title="bbox 240 2147 1646 2204; baseline 0.001 -15"><span class='ocrx_word' id='word_1_232' title='bbox 240 2147 394 2190; x_wconf 88' lang='lat' dir='ltr'>callide</span> <span class='ocrx_word' id='word_1_233' title='bbox 426 2148 678 2203; x_wconf 86' lang='lat' dir='ltr'>instituisse,</span> <span class='ocrx_word' id='word_1_234' title='bbox 712 2162 813 2191; x_wconf 89' lang='lat' dir='ltr'>cum</span> <span class='ocrx_word' id='word_1_235' title='bbox 845 2150 1089 2204; x_wconf 88' lang='lat' dir='ltr'>suspicatus</span> <span class='ocrx_word' id='word_1_236' title='bbox 1113 2152 1226 2191; x_wconf 89' lang='lat' dir='ltr'>esset</span> <span class='ocrx_word' id='word_1_237' title='bbox 1254 2163 1411 2191; x_wconf 88' lang='lat' dir='ltr'>novam</span> <span class='ocrx_word' id='word_1_238' title='bbox 1445 2149 1558 2191; x_wconf 92' lang='lat' dir='ltr'>hanc</span> <span class='ocrx_word' id='word_1_239' title='bbox 1593 2149 1646 2191; x_wconf 88' lang='lat' dir='ltr'>de</span> 
     </span>
     <span class='ocr_line' id='line_1_30' title="bbox 239 2224 1642 2279; baseline 0.001 -16"><span class='ocrx_word' id='word_1_240' title='bbox 239 2226 510 2264; x_wconf 88' lang='lat' dir='ltr'>mortuorum</span> <span class='ocrx_word' id='word_1_241' title='bbox 542 2225 815 2266; x_wconf 89' lang='lat' dir='ltr'>restitutione</span> <span class='ocrx_word' id='word_1_242' title='bbox 850 2224 1101 2279; x_wconf 86' lang='lat' dir='ltr'>doctrinam,</span> <span class='ocrx_word' id='word_1_243' title='bbox 1136 2238 1267 2279; x_wconf 89' lang='lat' dir='ltr'>quam</span> <span class='ocrx_word' id='word_1_244' title='bbox 1307 2224 1432 2266; x_wconf 88' lang='lat' dir='ltr'>modo</span> <span class='ocrx_word' id='word_1_245' title='bbox 1476 2224 1642 2279; x_wconf 80' lang='lat' dir='ltr'>profes-</span> 
     </span>
     <span class='ocr_line' id='line_1_31' title="bbox 239 2296 1033 2350; baseline 0.004 -15"><span class='ocrx_word' id='word_1_246' title='bbox 239 2308 313 2335; x_wconf 90' lang='lat' dir='ltr'>sus</span> <span class='ocrx_word' id='word_1_247' title='bbox 347 2299 448 2350; x_wconf 91' lang='lat' dir='ltr'>erat,</span> <span class='ocrx_word' id='word_1_248' title='bbox 482 2296 629 2337; x_wconf 86' lang='lat' dir='ltr'>multis</span> <span class='ocrx_word' id='word_1_249' title='bbox 663 2296 897 2338; x_wconf 79' lang='lat' dir='ltr'>offensioni</span> <span class='ocrx_word' id='word_1_250' title='bbox 929 2297 1033 2338; x_wconf 82' lang='lat' dir='ltr'>fore.</span> 
     </span>
    </p>

    <p class='ocr_par' dir='ltr' id='par_1_8' title="bbox 239 2369 1649 2575">
     <span class='ocr_line' id='line_1_32' title="bbox 358 2369 1647 2427; baseline 0.003 -17"><span class='ocrx_word' id='word_1_251' title='bbox 358 2369 469 2411; x_wconf 90' lang='lat' dir='ltr'>Item</span> <span class='ocrx_word' id='word_1_252' title='bbox 501 2370 694 2425; x_wconf 79' lang='lat' dir='ltr'>Scaliger</span> <span class='ocrx_word' id='word_1_253' title='bbox 726 2370 991 2413; x_wconf 91' lang='lat' dir='ltr'>locutionem</span> <span class='ocrx_word' id='word_1_254' title='bbox 1024 2385 1174 2413; x_wconf 88' lang='lat' dir='ltr'>versus</span> <span class='ocrx_word' id='word_1_255' title='bbox 1212 2373 1290 2414; x_wconf 84' lang='lat'>10:</span> <span class='ocrx_word' id='word_1_256' title='bbox 1318 2398 1373 2401; x_wconf 78' lang='lat'>—</span> <span class='ocrx_word' id='word_1_257' title='bbox 1396 2372 1560 2419; x_wconf 82' lang='grc' dir='ltr'><em>ἀδίκως</em></span> <span class='ocrx_word' id='word_1_258' title='bbox 1586 2372 1647 2427; x_wconf 89' lang='grc' dir='ltr'>μὴ</span> 
     </span>
     <span class='ocr_line' id='line_1_33' title="bbox 239 2443 1649 2500; baseline 0.001 -16"><span class='ocrx_word' id='word_1_259' title='bbox 239 2443 357 2498; x_wconf 85' lang='grc' dir='ltr'><strong><em>κρίνε</em></strong></span> <span class='ocrx_word' id='word_1_260' title='bbox 387 2443 631 2498; x_wconf 85' lang='grc' dir='ltr'><em>πρόσωπον</em></span> <span class='ocrx_word' id='word_1_261' title='bbox 652 2470 708 2473; x_wconf 88' lang='grc'>-</span> <span class='ocrx_word' id='word_1_262' title='bbox 731 2448 847 2486; x_wconf 91' lang='lat' dir='ltr'>certo</span> <span class='ocrx_word' id='word_1_263' title='bbox 882 2445 1162 2486; x_wconf 88' lang='lat' dir='ltr'>christianam</span> <span class='ocrx_word' id='word_1_264' title='bbox 1202 2446 1433 2500; x_wconf 72' lang='lat' dir='ltr'>judicavit,</span> <span class='ocrx_word' id='word_1_265' title='bbox 1478 2445 1566 2499; x_wconf 87' lang='lat' dir='ltr'>sed,</span> <span class='ocrx_word' id='word_1_266' title='bbox 1601 2450 1649 2486; x_wconf 90' lang='lat' dir='ltr'>ut</span> 
     </span>
     <span class='ocr_line' id='line_1_34' title="bbox 241 2516 1648 2575; baseline 0.002 -17"><span class='ocrx_word' id='word_1_267' title='bbox 241 2517 329 2571; x_wconf 89' lang='lat' dir='ltr'>jam</span> <span class='ocrx_word' id='word_1_268' title='bbox 367 2516 526 2558; x_wconf 84' lang='lat' dir='ltr'>Goram</span> <span class='ocrx_word' id='word_1_269' title='bbox 565 2518 741 2573; x_wconf 79' lang='lat' dir='ltr'>notavit,</span> <span class='ocrx_word' id='word_1_270' title='bbox 784 2518 945 2574; x_wconf 88' lang='lat' dir='ltr'>legitur</span> <span class='ocrx_word' id='word_1_271' title='bbox 986 2519 1032 2560; x_wconf 91' lang='lat' dir='ltr'>in</span> <span class='ocrx_word' id='word_1_272' title='bbox 1074 2519 1269 2562; x_wconf 89' lang='lat' dir='ltr'>Levitico</span> <span class='ocrx_word' id='word_1_273' title='bbox 1315 2519 1441 2575; x_wconf 89' lang='lat' dir='ltr'>XIX,</span> <span class='ocrx_word' id='word_1_274' title='bbox 1487 2521 1566 2561; x_wconf 82' lang='lat'>15:</span> <span class='ocrx_word' id='word_1_275' title='bbox 1593 2545 1648 2548; x_wconf 89' lang='lat'>—</span> 
     </span>
    </p>
   </div>
   <div class='ocr_carea' id='block_1_2' title="bbox 243 2592 1648 2694">
    <p class='ocr_par' dir='ltr' id='par_1_9' title="bbox 243 2592 1648 2694">
     <span class='ocr_line' id='line_1_35' title="bbox 243 2592 1648 2652; baseline 0.002 -17"><span class='ocrx_word' id='word_1_276' title='bbox 243 2592 296 2635; x_wconf 87' lang='grc' dir='ltr'>οὗ</span> <span class='ocrx_word' id='word_1_277' title='bbox 327 2593 444 2650; x_wconf 81' lang='grc' dir='ltr'><em>λήψῃ</em></span> <span class='ocrx_word' id='word_1_278' title='bbox 477 2593 720 2650; x_wconf 83' lang='grc' dir='ltr'><em>πρόσωπον</em></span> <span class='ocrx_word' id='word_1_279' title='bbox 751 2598 944 2651; x_wconf 80' lang='grc' dir='ltr'><em>πτωχοῦ,</em></span> <span class='ocrx_word' id='word_1_280' title='bbox 978 2595 1080 2639; x_wconf 78' lang='grc' dir='ltr'><em>οὐδὲ</em></span> <span class='ocrx_word' id='word_1_281' title='bbox 1110 2595 1171 2651; x_wconf 89' lang='grc' dir='ltr'>μὴ</span> <span class='ocrx_word' id='word_1_282' title='bbox 1206 2596 1441 2652; x_wconf 76' lang='grc' dir='ltr'>θαυμάσῃς</span> <span class='ocrx_word' id='word_1_283' title='bbox 1472 2595 1648 2651; x_wconf 84' lang='grc' dir='ltr'><strong><em>πρόσω-</em></strong></span> 
     </span>
     <span class='ocr_line' id='line_1_36' title="bbox 1445 2667 1462 2694; baseline 0 0"><span class='ocrx_word' id='word_1_284' title='bbox 1445 2667 1462 2694; x_wconf 84' lang='lat'><strong>2</strong></span> 
     </span>
    </p>
   </div>
  </div>
 </body>
</html>
