1844 3093
846 164 890 168 .-
919 143 966 177 44
994 165 1038 168 „-

237 217 447 272 Αἶγύπτοι
490 217 543 260 οὗ
579 221 666 265 τοῖς
707 218 950 273 ἐπιτυχοῦσι
978 218 1027 261 τὰ
1065 218 1185 275 παρὰ
1224 219 1365 275 σφίσιν
1402 220 1642 266 ἀνετίθεντο

235 295 463 349 μυστήρια,
487 294 590 337 οὐδὲ
621 293 710 349 μὴν
741 294 943 350 βεβήλοις
973 294 1049 350 τὴν
1079 298 1167 338 τῶν
1197 296 1333 338 θείων
1365 296 1525 352 εἴδησιν
1556 298 1642 347 ἐξέ-

240 385 380 424 φερον
402 369 478 411 ἀλλ
505 369 549 424 ’ἢ
581 369 735 425 μόνοις
767 385 814 424 γε
844 369 1073 425 μέλλουσιν
1105 370 1173 413 ἐπὶ
1204 370 1423 425 βασιλείαν
1443 373 1639 426 προϊέναι

238 444 313 486 καὶ
351 448 438 487 τῶν
470 445 622 499 ἱερέων
654 449 740 492 τοῖς
772 446 982 500 κριθεῖσιν
1014 445 1119 488 εἶναι
1152 446 1450 500 δοκιμοτάτοις
1481 447 1569 489 ἀπό
1600 464 1643 490 τε

241 523 316 574 τῆς
337 523 516 575 τροφῆς,
538 519 612 562 καὶ
633 523 707 576 τῆς
734 519 930 567 παιδείας
961 520 1036 562 καὶ
1066 523 1142 563 τοῦ
1175 520 1337 575 γένους.
1371 520 1502 576 ὅμοια
1537 526 1643 576 γοῦν

238 597 324 639 τοῖς
351 592 614 647 Ἑβραϊκοῖς.
647 593 807 646 κατάγε
827 592 904 647 τὴν
925 593 1168 647 ἕπίκρυψιν,
1191 594 1269 635 καί
1285 597 1372 635 τῶν
1393 594 1640 647 Αἰγυπτίων

243 666 469 721 αἰνίγματα
490 700 723 709 .........
756 666 865 708 VIII
900 700 1136 709 ........
1160 665 1265 708 ἀλλὰ
1304 665 1386 721 γὰρ
1419 667 1472 709 οὗ
1502 666 1643 722 μόνον

241 740 492 794 Αἰγυπτίων
525 741 567 782 οἷ
586 740 879 794 λογικώτατοι,
907 739 1020 794 πρὸς
1043 739 1090 781 δὲ
1109 740 1183 781 καὶ
1203 743 1290 782 τῶν
1312 740 1454 782 ἄλλων
1474 741 1642 795 βαρβά-

242 829 348 868 ρων,
382 813 477 856 ὅσοι
518 813 790 869 φιλοσοφίας,
824 813 1101 868 ὠρέχθησαν,
1140 811 1187 855 τὸ
1227 811 1494 868 συμβολικὸν
1529 812 1644 862 εἶδος

238 887 464 941 ἒξήλωσαν
467 920 740 929 .........
763 887 838 929 καὶ
870 886 1094 933 Διονύσιος
1125 887 1150 928 ὁ
1188 886 1312 941 Θρὰξ
1342 887 1368 929 ὁ
1389 886 1434 927 Γ
1427 903 1640 942 ραμματι-

237 959 317 1007 κός
349 960 394 1002 ἒν
425 964 489 1015 τῷ
515 975 532 998 «
556 959 669 1015 Περὶ
689 963 763 1015 τῆς
794 959 1027 1015 ἐμφάσεως
1058 963 1134 1002 τοῦ
1154 959 1253 1013 περὶ
1282 963 1371 1002 τῶν
1401 960 1641 1015 τροχίςκων

238 1033 463 1088 συμβόλου
483 1050 501 1071 >>
554 1033 661 1087 φησὶ
711 1032 820 1075 κατὰ
863 1033 987 1082 λέξιν·
1014 1032 1279 1087 Ἐσήμαινον
1326 1037 1433 1087 γοῦν
1476 1034 1528 1075 οὗ
1572 1034 1641 1076 διὰ

234 1106 393 1156 λέξεως
424 1104 576 1161 μόνον,
610 1105 714 1148 ἀλλὰ
746 1105 821 1148 καὶ
844 1105 912 1148 διὰ
936 1104 1184 1161 συμβόλων,
1217 1106 1320 1148 ἔνιοι
1350 1105 1424 1153 τὰς
1451 1106 1640 1162 πράξεις·

236 1179 305 1222 διὰ
327 1180 491 1229 λέξεων
521 1179 613 1234 μὲν,
647 1179 710 1226 ὡς
741 1180 825 1234 ἔχει
857 1178 906 1220 τὰ
928 1179 1139 1233 λεγόμενα
1175 1178 1367 1234 Δελφικὰ
1398 1180 1641 1234 παραγγέλ-

235 1270 353 1310 ματα
392 1271 410 1292 <<
427 1252 475 1295 τὸ
506 1252 645 1308 μηδὲν
667 1253 779 1308 ἄγαν
801 1270 818 1291 >>
845 1251 987 1295 καὶτὰ
1010 1252 1174 1300 τούτοις
1195 1252 1338 1308 ὅμοια.
1373 1252 1442 1295 διὰ
1466 1253 1513 1296 δὲ
1535 1269 1641 1308 συμ-

241 1327 400 1382 βόλων,
447 1327 511 1373 ὡς
542 1326 611 1368 ὅτε
631 1325 788 1381 τροχός
820 1326 845 1368 ὅ
877 1325 1171 1381 στρεφόμενος
1201 1326 1247 1368 ἓν
1277 1330 1365 1373 τοῖς
1395 1329 1483 1369 τῶν
1516 1326 1642 1369 Θεῶν

239 1401 439 1457 τεμένεσι,
473 1400 721 1456 εἷλυσμένος
752 1399 883 1455 παρὰ·
917 1400 1165 1455 Αἰγυπτίων
1198 1434 1207 1442 .
1239 1399 1313 1443 καὶ
1343 1399 1390 1443 τὸ
1422 1403 1509 1443 τῶν
1530 1401 1637 1444 θαλ-

235 1476 326 1517 λῶν
359 1491 447 1517 των
481 1474 725 1529 διδομένων
757 1478 843 1521 τοῖς
870 1478 1179 1530 προσκυνοῦσι,
1204 1474 1310 1530 φησὶ
1341 1474 1424 1530 γὰρ
1450 1474 1642 1530 Ὀρφεὺς

234 1548 259 1590 ὁ
300 1547 503 1603 Θράκιος·
1310 1583 1312 1585 .

303 1619 487 1664 Θαλλῶν
520 1620 559 1663 δ’
584 1620 692 1663 ὅσσα
725 1620 915 1676 βροτοῖσι
948 1619 1016 1662 ἐπὶ
1045 1619 1224 1675 χθωνὸς
1255 1620 1360 1675 ἔργα
1391 1621 1594 1677 μέμηλεν.

299 1692 430 1734 οὐδὲν
462 1693 547 1747 ἔχει
578 1692 683 1746 μίαν
714 1691 840 1734 αἶσαν
871 1692 939 1733 ἐπὶ
970 1692 1133 1746 φρεσὶν,
1167 1692 1272 1734 αλλὰ
1304 1693 1518 1735 κυκλεῖται

297 1764 438 1806 πάντα
471 1763 597 1819 πέριξ
630 1776 637 1784 ·
672 1767 819 1819 στῆναι
852 1762 899 1805 δὲ
930 1762 1088 1806 καθ’ἓν
1118 1763 1254 1819 μέρος
1286 1764 1339 1807 οὗ
1370 1764 1497 1820 θέμις
1518 1764 1636 1807 ἐστίν.

358 1836 583 1878 Postremo
617 1836 839 1878 doctrinae
883 1835 1300 1892 hebraico-graecae,
1334 1851 1421 1892 qua
1459 1838 1642 1893 scriptor

234 1910 698 1966 Pseudophocylideae
731 1910 954 1966 praeditus
977 1913 1164 1966 apparet,
1186 1924 1404 1966 nusquam
1426 1912 1636 1967 aptiorem

233 1983 383 2026 sedem
416 1997 548 2038 quam
580 1983 875 2025 Alexandriae
908 1983 1033 2025 nobis
1065 1984 1264 2026 invenire
1296 1984 1456 2026 licebit.

357 2056 517 2098 Statuit
536 2055 735 2110 Bernays
758 2059 941 2111 tempus,
965 2069 1051 2111 quo
1074 2056 1355 2098 verisimilius
1378 2059 1444 2098 est
1465 2069 1640 2099 carmen

233 2129 555 2184 Phocylideum
588 2129 877 2184 compositum
908 2128 1058 2184 fuisse,
1081 2129 1262 2171 minime
1285 2129 1512 2172 saeculum
1535 2129 1640 2171 alte-

232 2216 331 2244 rum
364 2217 398 2244 a.
434 2201 508 2244 Ch.
541 2216 582 2244 n.
617 2200 831 2244 excedere
863 2214 1008 2257 posse:
1045 2215 1130 2256 quo
1163 2202 1337 2244 saeculo
1369 2215 1525 2256 graeca
1566 2201 1640 2244 Bi-

234 2275 423 2317 bliorum
456 2274 678 2317 translatio
712 2274 882 2329 vulgari
914 2277 1067 2330 coepta
1099 2277 1187 2328 est3
1211 2288 1356 2329 neque
1379 2274 1492 2317 ultra
1513 2275 1639 2316 dimi-

238 2406 394 2439 morem,
421 2393 593 2441 quamvis
621 2393 700 2439 lege
726 2392 941 2439 probatum.
969 2392 1086 2440 Apud
1104 2404 1199 2440 quos
1218 2392 1372 2429 tandem
1390 2394 1633 2429 Ptolomaeus

240 2455 510 2502 Philadelphos
550 2454 704 2490 medicis
741 2454 953 2501 Herophilo
987 2458 1024 2490 et
1050 2458 1087 2490 et·
1114 2455 1344 2490 Erasistrato
1378 2455 1566 2491 concessit
1601 2457 1645 2489 ut

238 2515 422 2551 cadavera
440 2516 532 2551 artis
551 2516 589 2550 in
610 2527 723 2549 usum
743 2520 922 2558 secarent,
941 2526 1053 2561 quem
1080 2526 1233 2557 morem,
1260 2515 1297 2550 in
1325 2514 1404 2550 dies
1432 2515 1555 2561 magis
1581 2514 1634 2549 vi-

235 2581 399 2624 gentem,
435 2575 651 2624 Pseudoph.
678 2576 712 2613 2.
744 2575 815 2612 102
841 2576 1084 2624 perstringit:
1112 2576 1179 2612 cfr.
1207 2575 1430 2624 Bernhardy
1460 2576 1562 2612 Hist.
1592 2575 1635 2611 L.

236 2638 277 2676 T.
306 2638 336 2682 Ι,
365 2638 449 2675 364,
