1844 3093
835 162 877 165 -
907 140 954 175 46
983 161 1026 165 —

225 212 453 270 persuasit,
486 217 535 255 ut
566 215 605 256 ei
641 226 772 269 opera
803 223 884 255 sua
914 214 1053 269 pretio
1090 213 1347 268 venderent,
1374 214 1534 269 quibus
1562 228 1636 257 ve-

226 292 367 331 terum
421 289 683 344 scriptorum
740 289 919 330 nomina
962 288 1282 344 imposuissent.
1328 287 1454 339 Quod
1495 289 1636 331 serius

224 361 356 403 Iubas
389 374 576 417 quoque,
610 360 844 403 Numidiae
877 374 928 403 ac
966 361 1253 402 Mauritaniae
1293 360 1548 416 Tingitanae
1593 365 1636 404 et

225 435 520 478 Caesariensis
539 449 631 489 rex,
664 436 896 490 praestitit:
922 435 997 489 qui
1021 435 1181 490 scripta
1202 434 1496 490 pythagorica,
1522 449 1634 490 quae

224 509 417 563 genuina
434 508 626 563 putabat,
644 521 801 563 magna
818 521 924 550 cura
946 507 1137 563 collegit:
1160 510 1290 562 atque
1313 506 1455 549 David
1475 507 1632 562 (Schol.

226 581 271 621 in
304 581 480 622 Aristot.
516 581 603 634 28³,
641 581 694 622 13
729 581 863 635 seqq.)
895 580 1029 622 refert
1059 580 1294 622 nonnullos
1333 580 1634 635 compilatores

225 654 501 708 supposititia
522 654 661 709 pretio
686 652 909 695 venditare
933 656 1109 695 conatos
1133 665 1239 695 esse.
1267 652 1635 708 Apocryphorum

225 730 318 767 tum
350 726 542 768 maxime
574 725 760 767 florebat
792 729 920 767 aetas.

348 799 531 842 Saeculo
564 800 703 855 primo
737 813 771 841 a.
807 799 881 842 Oh.
915 813 955 841 n.
989 799 1359 855 neopythagorica
1390 798 1539 841 schola
1570 800 1633 840 vi-

225 884 327 927 gere
361 872 515 926 coepit,
549 884 672 925 quae,
705 871 916 926 religione
950 875 993 913 et
1024 872 1279 913 auctoritate
1302 871 1471 925 antiqui
1494 871 1633 925 philo-

226 945 349 1000 sophi
383 945 548 998 innixa,
587 957 758 985 morum
800 947 1041 999 praecepta,
1084 958 1109 986 a
1151 944 1342 998 Platone,
1386 943 1632 998 Aristotele,

226 1017 383 1060 Stoicis
416 1016 680 1072 deprompta,
714 1029 866 1058 severa
898 1030 948 1059 ac
991 1018 1142 1072 paucis
1184 1016 1387 1072 expedita
1424 1016 1630 1058 tradebat.

226 1089 477 1132 Verisimile
510 1093 576 1131 est
623 1089 735 1130 hanc
779 1089 1097 1144 philosophiam
1140 1090 1276 1131 initiis
1317 1090 1447 1144 primi
1491 1103 1516 1131 a
1558 1088 1632 1131 Ch.

226 1161 391 1203 saeculi
423 1160 718 1202 Alexandriae
750 1161 1016 1216 principium
1049 1161 1264 1203 habuisse.
1297 1161 1388 1215 (cfr.
1412 1160 1553 1203 Zeller
1575 1187 1630 1191 ——

227 1233 337 1274 Phil.
372 1232 409 1274 d.
445 1232 663 1274 Griechen
698 1257 753 1262 —
787 1246 826 1287 p.
862 1233 918 1273 98
953 1233 1157 1274 Susemill
1190 1258 1246 1262 —
1271 1232 1441 1274 Griech.
1464 1232 1563 1274 Litt.
1586 1233 1632 1273 in

228 1305 306 1347 der
336 1304 463 1346 Alex.
497 1304 592 1347 Zeit
624 1305 655 1346 Ι.
689 1304 743 1359 II,
779 1306 893 1358 332).

349 1376 470 1429 Quae
513 1381 723 1433 perpetuo
763 1378 969 1420 inclaruit
1011 1378 1240 1434 splendore
1285 1378 1455 1421 duobus
1502 1379 1632 1421 etiam

227 1452 514 1506 sequentibus
547 1452 745 1505 saeculis,
769 1452 909 1493 donec
931 1452 1247 1506 neoplatonicis
1271 1452 1513 1507 disciplinis
1535 1465 1632 1507 per-

227 1528 364 1568 mixta
398 1529 473 1568 est.
506 1525 702 1568 Plurima
734 1525 787 1567 ad
820 1525 939 1567 illam
972 1526 1142 1581 scripta,
1176 1526 1257 1568 sub
1290 1526 1431 1568 alieno
1454 1526 1631 1568 nomine

227 1600 354 1653 edita,
387 1599 619 1654 pertinent,
648 1602 696 1639 ut
717 1598 764 1639 τὸ
801 1615 819 1635 <<
843 1598 953 1653 ῙΙερὶ
981 1603 1126 1653 ψυχᾶς
1155 1599 1313 1654 κόσμω
1335 1599 1409 1640 καὶ
1432 1599 1587 1653 φύσιος
1608 1616 1627 1636 >>

228 1673 357 1714 cuius
391 1675 543 1714 auctor
573 1671 774 1713 Timaeus
807 1671 1036 1713 Locrensis
1081 1672 1359 1726 perhibetur3
1392 1671 1440 1713 τό
1479 1688 1497 1709 <<
1521 1670 1632 1726 Περὶ

226 1747 303 1786 τοῦ
334 1742 495 1790 παντὸς
526 1744 721 1798 φύσιος»
760 1742 877 1797 quod
910 1756 1018 1799 opus
1061 1742 1211 1785 Okello
1251 1743 1428 1786 Lucano
1472 1743 1632 1785 adscri-

228 1817 356 1871 bitur,
389 1821 520 1871 atque
553 1816 691 1857 multa
723 1816 807 1857 alia
837 1816 946 1858 falso
979 1817 1141 1858 tributa
1179 1817 1403 1871 Brontino,
1445 1817 1631 1871 Theano,

228 1892 392 1932 Aresae
426 1894 469 1932 et
500 1890 619 1942 aliis;
642 1890 876 1945 praecipue
900 1903 1001 1931 vero
1037 1904 1088 1932 ea
1117 1890 1298 1932 moralia
1328 1891 1488 1946 scripta
1520 1903 1631 1945 quae

226 1962 503 2018 Hippodami,
530 1961 784 2018 Hipparchi,
806 1961 1119 2017 Callicratidae,
1143 1962 1238 2005 Poli
1261 1962 1441 2017 Lucani,
1464 1962 1630 2017 Dionis,

228 2036 424 2078 Brisonis
457 2040 500 2078 et
531 2036 716 2077 aliorum
747 2037 924 2078 nomine
967 2037 1020 2077 ad
1066 2050 1144 2078 nos
1189 2040 1506 2092 pervenerunt,
1552 2049 1633 2078 nec

227 2123 315 2151 non
349 2123 524 2152 carmen
558 2110 673 2165 quod
713 2127 730 2147 «
752 2109 913 2165 Χρυσᾶ
934 2111 1014 2166 ἔπη
1039 2127 1057 2148 >>
1088 2111 1118 2164 1)
1137 2110 1401 2164 inscribitur,
1423 2110 1532 2151 falso
1555 2123 1631 2151 an-

228 2184 339 2238 tiqui
371 2184 645 2239 Pythagorae
678 2185 845 2225 nomini
879 2184 1112 2226 addictum.
1149 2184 1208 2226 Τὰ
1241 2184 1402 2239 Χρυρᾶ
1433 2185 1513 2240 ἔπη
1542 2197 1628 2225 non

227 2257 373 2300 minus
407 2270 538 2312 quam
570 2257 1008 2313 Pseudophocylidea
1041 2271 1092 2300 ea
1108 2257 1379 2314 supplebant,
1404 2270 1515 2313 quae
1537 2257 1632 2314 phi-

348 2382 374 2426 1)
404 2397 419 2412 «
440 2381 473 2416 ΙΙ
500 2381 596 2416 n'est
622 2392 689 2427 pas
717 2379 887 2416 douteux
906 2381 1047 2427 qu'une
1065 2381 1185 2427 partie
1211 2379 1258 2416 de
1283 2392 1343 2416 ces
1370 2381 1563 2428 preceptes
1581 2393 1628 2417 ne

232 2443 354 2479 soient
380 2443 543 2486 anciens,
569 2443 691 2478 meme
716 2446 836 2489 quant
857 2442 879 2478 a
897 2442 933 2478 la
951 2443 1082 2478 forme.
1101 2442 1199 2478 Mais
1227 2442 1253 2478 il
1279 2455 1303 2489 y
1330 2454 1352 2478 a
1379 2446 1464 2479 tout
1490 2443 1564 2478 lieu
1582 2441 1630 2478 de

222 2504 340 2539 croire
365 2504 428 2550 qu'
439 2504 484 2539 ils
510 2508 577 2539 ont
603 2504 662 2539 ete
688 2504 839 2550 grossis,
867 2504 1056 2550 arrang6s,
1084 2504 1288 2551 completes
1316 2516 1398 2540 vers
1434 2505 1470 2540 le
1506 2508 1628 2551 temps

231 2565 280 2600 ou
315 2576 354 2600 se
381 2564 603 2599 constituait
629 2564 663 2599 le
680 2563 1036 2610 neopythagorisme
1054 2564 1173 2610 (Hist.
1201 2564 1238 2600 d.
1266 2565 1290 2601 1.
1318 2565 1411 2609 Litt,
1437 2576 1561 2612 grecq.
1587 2564 1637 2601 V.

232 2626 280 2663 V.
307 2626 381 2663 410
407 2625 579 2671 Croiset.)
