1844 3093
814 128 858 131 -
887 104 933 142 39
960 126 1004 130 -

329 185 517 227 Versum
552 183 638 225 110
670 182 942 237 Pseudoph.:

295 258 376 300 οὐκ
411 257 488 312 (ἔνι
521 255 622 303 ὃέἶς
646 254 792 310 Ἅιδην
824 253 971 309 ὄλβον)
1010 252 1083 295 καὶ
1116 253 1287 308 χρήματ
1312 251 1524 306 ’ἄγεσθαι

214 331 365 375 confer
397 343 498 372 cum
529 342 611 370 vss.
646 329 721 370 7-8
754 327 905 383 fragm.
940 327 995 368 22
1028 323 1157 381 (edit.>
1179 325 1299 379 Crus,
1333 325 1406 379 41)
1435 324 1605 367 Solonis

319 434 835 445 ........
898 398 948 441 τὰ
981 398 1063 454 γὰρ
1090 398 1298 453 περιώσια
1330 397 1468 440 πάντα

424 474 603 530 χρήματ’
638 475 752 528 ἔχων
784 472 924 519 οὐδεὶς
955 473 1118 526 ἔρχεται
1151 472 1208 517 εἰς
1237 471 1397 512 Ἀίδεω.

336 547 446 590 Cum
489 545 687 589 versibus
732 545 878 599 125-8‚
911 545 1088 599 (attento
1135 557 1220 598 quo
1263 542 1460 598 dispositi
1507 545 1610 584 sunt

217 621 394 675 ordine),
428 620 503 662 cfr.
535 619 712 674 ὀόάριον
734 617 941 673 ἐρωτικόν
981 617 1334 659 anacreonticum
1376 617 1449 670 (24
1489 615 1609 657 Crus.

207 694 330 737 Ἄλλο
362 692 613 749 ἓρωτικόν);

615 765 749 811 Φύσις
780 764 940 819 κέρατα
972 763 1156 818 ταύροις,

610 837 745 885 ὁπλὰς
777 836 959 880 δ’ἔόωκε
989 837 1145 885 ἵπποις,

611 912 840 966 ποόωκίην
870 911 1069 964 λαγωοῖς,

612 984 754 1027 λέουσι
784 984 910 1039 χάσμ’
946 982 1151 1031 ὀδόντων,

615 1062 702 1105 τοῖς
733 1057 903 1113 ἰχθύσιν
934 1056 981 1098 τὸ
1013 1055 1182 1112 νηκτόν,

610 1135 697 1178 τοῖς
728 1131 893 1186 ὀρνέοις
922 1130 1134 1172 πέτασθαι

612 1204 909 1260 τοῖς-ἀνδράσι
941 1203 1162 1259 φρόνημα,

616 1310 1204 1319 .........

218 1364 301 1393 nec
332 1364 421 1392 non
454 1351 633 1392 Maxim.
667 1350 764 1405 Tyr.
811 1363 900 1406 cap.
944 1349 1112 1404 XXVI,
1154 1349 1178 1390 6
1183 1382 1449 1390 .........
1483 1347 1613 1402 λόγον

220 1426 266 1468 δὲ
298 1426 440 1473 αὐτοῖς
478 1424 588 1472 Θεὸς
619 1424 760 1467 ἔδωκε
790 1423 902 1480 πρὸς
932 1423 1005 1471 τὰς
1026 1423 1230 1465 ἁπάντων
1250 1422 1455 1478 εὐπορίας
1477 1421 1612 1476 ἀντιρ-

220 1500 360 1556 ῥοπον
393 1516 433 1541 κ.
465 1515 497 1541 τ.
530 1499 564 1541 λ.
598 1499 646 1554 (1)
678 1524 734 1528 —
768 1498 959 1540 Versum
993 1498 1106 1539 152:

322 1573 384 1629 μὴ
418 1571 559 1615 κακὸν
591 1571 638 1615 εὗ
670 1573 798 1628 ἔρξῃς
830 1572 1012 1627 σπείρειν
1044 1572 1136 1614 ἴσον
1168 1571 1245 1613 ἔστ’
1281 1570 1341 1613 ἐνὶ
1371 1569 1532 1625 πόντῳ.

341 1647 486 1702 Bergk
517 1659 605 1688 non
638 1659 662 1687 a
695 1645 898 1688 carminis
931 1645 1138 1700 scriptore
1171 1643 1415 1699 profectum
1454 1647 1614 1698 censet,

219 1721 296 1763 sed
327 1720 379 1762 ab
413 1720 496 1762 alio
530 1722 679 1775 postea
716 1719 945 1773 adiectum,
990 1718 1063 1760 cui
1108 1716 1424 1772 quodammodo
1467 1716 1613 1759 redar-

219 1806 352 1848 guere
385 1793 431 1834 in
464 1793 607 1834 animo
640 1792 774 1833 fuerit
804 1793 1084 1846 praeceptum
1119 1790 1279 1842 140-23
1314 1802 1402 1830 non
1423 1789 1483 1830 ita
1505 1789 1614 1830 mihi

220 1866 403 1921 videtur,
437 1879 487 1908 ac
519 1866 653 1907 miror
697 1878 796 1907 eum
841 1864 1007 1920 fugisse
1050 1878 1075 1905 a
1111 1862 1372 1918 Theognidis
1415 1862 1613 1904 versibus

223 1940 358 1981 105-ss
392 1952 569 1981 versum
600 1938 725 1979 illum
760 1937 972 1979 derivari:

388 2009 562 2058 Δειλοὺς
595 2008 642 2052 εὗ
673 2009 839 2066 ἕρδοντι
870 2008 1126 2065 ματαιοτάτη
1159 2007 1282 2064 χάρις
1314 2003 1432 2050 ἐστίν.

388 2083 482 2126 ἴσον
513 2083 588 2126 καὶ
619 2084 803 2139 σπείρειν
834 2083 992 2125 πόντον
1024 2081 1126 2129 ἆλὸς
1156 2081 1321 2136 πολιῆς,

221 2171 487 2214 quamquam
540 2156 971 2213 Pseudophoc-ylides
1023 2154 1240 2211 improbos
1289 2153 1447 2211 probis7
1490 2157 1617 2211 poeta

220 2245 323 2274 vero
356 2232 624 2286 Megarensis
661 2247 680 2268 «
703 2230 867 2276 δειλοὺς
888 2247 906 2268 >>
954 2255 1009 2259 -—
1059 2246 1077 2266 «
1100 2228 1330 2283 populares
1352 2245 1370 2266 »
1429 2245 1447 2265 «
1469 2229 1618 2276 καλοῖς

220 2304 446 2360 κ’ἇγαθοῒς
478 2322 497 2343 >>
547 2330 602 2335 —-
651 2302 829 2345 «nobili
870 2315 1029 2358 genere
1068 2302 1181 2343 natis
1203 2318 1222 2340 »
1273 2297 1462 2357 Opponit.
1506 2301 1618 2344 Cum

340 2426 368 2470 1)
395 2425 557 2471 Bergkio
582 2423 828 2471 Empedocles
854 2423 980 2470 potius
1014 2422 1129 2457 huius
1155 2422 1362 2458 sententiae
1395 2425 1528 2458 auctor
1561 2422 1614 2457 vi-

227 2484 360 2521 detur:
387 2485 455 2521 cfr.
482 2485 586 2521 Plut.
612 2484 659 2521 de
685 2485 717 2520 F
719 2488 789 2520 ort.
816 2495 846 2519 Ο.
874 2485 920 2519 3:
943 2485 1040 2520 Ἐπεὶ
1057 2485 1146 2531 τύχῃ
1172 2499 1210 2530 γε
1236 2484 1298 2520 καὶ
1324 2484 1429 2530 φύσει
1446 2483 1615 2530 γενέσεως

223 2549 368 2594 ἄμεινον
393 2541 603 2585 τὰπλεῖστα
629 2553 701 2584 τῶν
725 2548 866 2594 ἀλόγων
891 2546 1062 2593 κέχρηται
1090 2573 1098 2581 .
1124 2545 1166 2582 τὰ
1190 2545 1255 2592 μὲν
1272 2545 1339 2593 γὰρ
1359 2546 1527 2582 ὥπλισται
1553 2545 1613 2581 κέ-

224 2624 306 2656 ρασι
339 2611 401 2646 καὶ
439 2611 560 2646 ὀδοῦσι
599 2610 661 2646 καὶ
694 2610 862 2655 κέντροις,
898 2608 1009 2654 αὐτὰρ
1043 2608 1182 2654 ἐχίνοις,
1216 2608 1326 2654 φησὶν
1355 2607 1612 2653 Ἐμπεδοκλῆς,
