1844 3093
248 209 355 266 seph
387 206 532 263 (Arch.
565 204 663 260 XV,
699 205 766 258 10,
800 205 843 259 4)
875 206 934 247 ait
966 205 1206 247 simillimos
1238 205 1374 247 fuisse
1416 205 1645 247 Phariseos

249 282 416 334 Stoicis,
450 279 699 321 Sadduceos
731 278 969 332 Epicureis,
1003 277 1191 319 Essenos
1223 278 1293 320 vel
1335 278 1517 320 Essaeos
1559 279 1645 332 Py-

247 353 490 410 thagoricis.
523 351 731 405 Philonis,
764 350 921 406 Ioseph
952 350 1101 405 Flavii,
1135 351 1279 405 Plinii,
1325 351 1516 405 Eusebii,
1539 351 1644 393 Por-

247 427 393 484 phyrii
424 424 744 467 narrationibus
778 424 1044 479 comparatis,
1077 424 1202 465 nobis
1250 427 1417 466 constat
1458 424 1645 466 Essenos

247 503 409 544 sectam
439 498 657 554 judaicam
690 497 966 539 constituisse
998 510 1076 553 per
1107 497 1383 547 Palestinam,
1411 497 1580 552 Syriam
1604 502 1646 540 et

246 574 488 629 AEgyptum
507 571 537 625 1)
568 571 749 626 sparsim
781 571 988 624 viventes,
1037 571 1341 612 communibus
1385 571 1553 626 placitis
1596 585 1647 613 ac

247 647 424 690 secretis
455 644 622 699 ritibus,
655 644 931 700 potissimum
962 657 1064 686 vero
1097 644 1287 686 fraterna
1321 644 1521 699 amicitia,
1553 659 1645 686 mu—

246 723 320 761 tuo
362 717 602 760 sanctitatis
646 716 858 771 probique
907 716 1050 757 studio
1094 717 1377 770 conjunctos:
1413 731 1645 759 numerum

247 804 397 835 eorum
429 790 483 832 ad
514 790 632 832 4000
666 789 946 831 succrevisse.
979 789 1104 831 Ratio
1133 789 1186 831 iis
1211 789 1363 844 procul
1385 789 1437 831 ab
1462 790 1645 832 aliorum

246 863 451 906 societate
484 861 662 903 vivendi
693 861 788 915 fuit,
822 874 877 903 ne
911 861 1148 903 sceleribus
1176 861 1294 903 illins
1316 862 1522 917 temporis
1545 876 1646 904 con—

246 937 570 988 taminarentur,
603 947 659 976 ne
686 934 835 989 legum
856 934 1070 976 iniustitia
1093 935 1450 990 opprimerentur,
1474 935 1550 977 sed
1573 949 1646 977 na-

247 1013 343 1051 tura
375 1012 418 1051 et
448 1008 568 1049 Mose
603 1007 800 1061 ducibus,
833 1007 967 1048 vitam
999 1007 1288 1061 tranquillam,
1321 1008 1501 1048 minime
1545 1022 1646 1050 vero

246 1082 448 1123 inutilem
481 1084 523 1123 et
553 1081 739 1122 inertem
770 1079 861 1134 (cfr.
896 1093 953 1121 vs.
991 1081 1074 1121 153
1109 1080 1393 1135 Pseudoph.):

385 1181 439 1185 —
464 1154 643 1209 ἐργάζευ
665 1154 866 1210 μοχθῶν,
890 1154 953 1201 ὡς
973 1154 1019 1203 ἔξ
1040 1154 1161 1196 ἰδίων
1184 1153 1408 1210 βιοτεύσῃς
1439 1180 1494 1183 —

192 1282 200 1289 ·
246 1229 320 1271 sed
355 1229 530 1283 artibus,
564 1242 675 1283 quae
708 1229 821 1270 Vitae
846 1232 889 1270 et
910 1242 1080 1270 morum
1099 1228 1314 1270 sanctitati
1337 1228 1528 1270 maxime
1551 1242 1646 1283 pro-

246 1302 473 1356 spicerent,
508 1301 698 1343 deditam
729 1304 996 1355 peragerent.

365 1374 709 1428 Temperantiam
750 1377 792 1415 et
831 1373 1153 1426 continentiam,
1195 1373 1406 1414 maximas
1451 1374 1645 1414 omnium

247 1446 467 1499 virtutum,
502 1445 789 1499 celebrabant,
824 1444 898 1487 cfr.
933 1458 1014 1486 vss.
1051 1445 1177 1486 68-9:

323 1545 378 1549 —-
402 1519 548 1574 μέτρῳ
570 1518 691 1567 ἔδειν,
711 1518 857 1573 μέτρῳ
880 1518 927 1561 δὲ
946 1522 1055 1560 πιεῖν
1075 1518 1150 1560 καὶ
1170 1518 1483 1573 μυθολογεύειν
1507 1545 1562 1548 ——

247 1591 517 1647 voluptatum
549 1594 865 1646 contemptores
898 1590 990 1646 (cfr.
1025 1604 1082 1633 vs.
1120 1592 1203 1632 145
1245 1617 1300 1620 —-
1335 1625 1643 1633 ........

245 1667 332 1707 τῶν
353 1664 564 1720 λωβητῶν
586 1664 825 1719 ἀπέχεσθαι
845 1664 916 1716 ἡ)
932 1677 1061 1719 parce
1085 1664 1341 1718 victitantes,
1361 1664 1435 1708 cfr.
1454 1677 1535 1707 vss.
1562 1666 1612 1706 61
1635 1680 1644 1712 ;

247 1738 315 1791 81,
350 1738 426 1778 82:

337 1811 363 1865 ἡ
386 1810 523 1865 πολλὴ
549 1810 596 1852 δὲ
614 1809 754 1865 τρυφὴ
778 1809 890 1864 πρὸς
910 1809 1122 1864 ἀμέτρους
1144 1810 1261 1852 {aust
1284 1811 1450 1865 ἔρωτας

338 1883 474 1926 καλὸν
497 1884 683 1933 ξεινίζειν
704 1883 868 1938 ταχέως
891 1883 1035 1925 λιταῖσι
1055 1884 1297 1938 τραπέζαις,

339 1958 365 2011 ἢ
387 1957 597 2004 πλείσταις
617 1956 805 1998 θαλίαισι
826 1956 1147 2011 βραδυνούσαις
1167 1956 1287 2011 παρὰ
1309 1956 1474 2010 καιρόν.

370 2029 455 2080 Qui
488 2043 590 2072 vero
624 2030 676 2072 de
709 2042 847 2072 uxore
871 2029 1071 2072 ducenda
1093 2029 1351 2084 cogitabant,
1373 2031 1549 2072 nonnisi
1570 2043 1647 2085 per

246 2103 495 2158 triennium,
530 2103 752 2159 explorata
784 2103 965 2158 virginis
989 2103 1266 2158 continentia,
1289 2103 1444 2145 foedus
1466 2103 1645 2157 inibant,

247 2176 290 2214 et
315 2175 362 2214 in
384 2175 477 2229 ipso
501 2187 675 2229 quoque
698 2178 859 2216 castam
881 2175 1199 2229 profitebantur
1221 2176 1530 2216 continentiam
1554 2176 1645 2229 (cfr.

245 2245 490 2303 Pseudoph.
525 2261 606 2290 vss.
643 2247 865 2302 175-200),
899 2260 955 2290 ne
983 2250 1158 2303 propter
1178 2247 1419 2300 libidinem,
1441 2247 1518 2290 sed
1539 2247 1646 2290 libe-

245 2332 392 2360 rorum
424 2320 805 2375 producendorum
827 2333 967 2373 causa,
999 2333 1157 2361 uxores
1181 2320 1360 2362 duxisse
1382 2321 1643 2363 viderentur.

246 2391 474 2435 Praeclara
504 2393 590 2434 fuit
637 2393 751 2435 inter
796 2406 868 2434 eos
912 2394 1108 2434 omnium
1150 2393 1406 2447 aequalitas,
1448 2394 1644 2436 laborum

366 2562 393 2606 1)
420 2561 498 2606 Qui
537 2573 626 2597 vero
664 2561 884 2609 Aegyptum
923 2562 1149 2607 incolebant,
1181 2561 1440 2610 Therapeutae
1477 2563 1641 2610 appella-

252 2619 404 2657 bantur.
583 2623 585 2625 ’
1152 2629 1155 2634 ’
