1844 3093
854 133 899 137 -
927 112 974 147 54
1002 133 1045 137 -

358 188 509 230 Altera
541 201 643 231 vero
661 189 806 242 series,
825 191 875 230 ut
891 188 1039 231 videre
1064 193 1139 243 est,
1164 189 1646 245 Pseudophocylideam
1685 207 1693 212 ε

235 274 412 317 quoque
446 261 771 317 complectitur:
807 274 958 304 verum
991 262 1117 318 plura
1150 263 1234 305 alia
1276 263 1364 306 huc
1401 263 1643 319 referenda,

236 349 348 390 quae
382 335 580 378 eamdem
612 335 696 377 sibi
730 336 936 378 moralem
968 335 1106 378 finem
1148 336 1409 392 praefigunt,
1451 340 1501 379 ut
1542 337 1645 379 Phi—

233 410 347 452 lonis
380 410 564 453 senioris
598 413 641 452 et
672 409 906 464 Ezechieli,
940 423 1052 465 quae
1084 411 1200 453 inter
1221 411 1383 467 exigua
1402 411 1646 467 fragmenta

233 484 476 526 Alexandri
508 484 670 526 Milesii
702 484 990 538 Polyhistoris
1022 488 1322 527 recensentur.

355 557 478 600 Haec
513 571 614 600 vero
648 558 887 613 composita
917 557 1054 600 fuisse
1097 561 1198 600 ante
1242 572 1406 600 annum
1447 559 1504 601 80
1544 562 1643 601 ante

234 630 309 672 Ch.
344 644 384 672 n.
418 630 676 686 Philippson
707 631 755 672 in
788 644 867 672 sua
899 631 1201 673 dissertatione
1230 644 1342 686 quae
1365 631 1640 673 inscribitur:

238 704 483 746 «Ezechiel
517 704 593 747 des
625 704 857 758 judischen
899 705 1436 761 Trauenspielendichters
1478 718 1643 761 auszug

232 790 310 818 aus
343 777 547 832 Egypten
582 777 671 818 und
704 777 829 819 Philo
864 777 939 819 des
972 777 1164 819 aelteren
1195 778 1437 820 Ierusalem
1466 779 1522 833 (p.
1558 779 1640 832 11),

233 862 289 891 ex
332 862 382 891 eo
429 853 799 905 argumentantur,
845 850 978 905 quod⁸
1004 849 1256 904 Polyhistor
1302 863 1352 892 eo
1396 864 1509 892 anno
1552 851 1642 892 vita

231 921 411 964 functus
445 925 519 964 est.

356 995 582 1050 Quocirca,
617 1009 718 1037 cum
751 996 1189 1051 Pseudophocylidea
1221 1001 1397 1052 propter
1429 996 1638 1039 moralem

231 1068 380 1121 finem,
414 1069 479 1109 uti
511 1081 643 1123 supra
676 1068 880 1121 diximus,
928 1068 982 1110 ad
1025 1069 1223 1111 eamdem
1264 1070 1422 1111 seriem
1461 1073 1637 1124 spectet,

231 1144 414 1195 tempus,
449 1153 535 1194 quo
570 1144 745 1182 exarata
787 1140 931 1194 fuerit,
966 1143 1288 1196 terminaturus,
1338 1142 1497 1184 adduci
1548 1155 1639 1184 non

229 1226 407 1268 possum
430 1217 480 1254 ut
500 1226 663 1254 annum
689 1214 1004 1268 octogesimum
1026 1214 1276 1256 transiliam.
1301 1214 1637 1256 Consistendum

229 1287 364 1341 igitur
397 1298 554 1328 censeo
589 1289 794 1340 quattuor
824 1286 939 1328 inter
969 1287 1112 1341 priora
1144 1286 1281 1329 lustra
1312 1287 1442 1342 primi
1472 1287 1636 1330 saeculi

229 1362 328 1401 ante
363 1359 437 1401 Ch.
471 1372 511 1400 n.
544 1358 756 1401 Exactius
790 1372 967 1401 causam
1000 1360 1112 1401 hanc
1144 1363 1278 1401 totam
1301 1359 1487 1402 definire
1511 1359 1634 1414 velle,

228 1433 559 1488 intemperantis
591 1433 701 1474 mihi
733 1434 901 1488 ingenii
936 1433 1118 1476 videtur.

349 1505 547 1559 Bernays
581 1509 624 1547 et
656 1504 825 1559 Goram,
858 1509 908 1547 ut
939 1505 1143 1560 diximus,
1177 1506 1630 1561 Pseudophocylidem

231 1579 471 1621 Aristobuli
503 1579 656 1621 Iudaei
687 1579 935 1634 philosophi
967 1579 1219 1622 aristotelici
1252 1579 1519 1635 discipulum
1565 1593 1637 1621 su-

228 1653 475 1708 spicantur3
511 1652 629 1707 quod
671 1652 773 1694 inde
819 1653 947 1694 unice
988 1652 1268 1708 comprobare
1301 1654 1478 1708 possint,
1519 1653 1636 1707 quod

227 1738 309 1767 vss.
344 1726 481 1766 42-82
517 1728 722 1779 quattuor
742 1725 983 1767 cardinales
1006 1726 1189 1767 virtutes
1207 1726 1436 1780 attingens,
1459 1726 1636 1780 Peripa-

226 1798 458 1839 teticorum
491 1797 766 1851 disciplinam
799 1801 978 1839 secutus
1010 1798 1076 1839 sit.
1109 1798 1169 1839 At
1206 1797 1361 1839 debilis
1384 1798 1492 1840 haec
1516 1810 1632 1851 sane,

224 1871 358 1912 immo
391 1870 568 1912 infirma
600 1871 720 1924 ratio,
755 1884 855 1912 cum
888 1871 994 1912 illud
1034 1871 1237 1913 omnibus
1275 1871 1393 1913 illius
1426 1872 1634 1927 temporis

224 1943 493 1999 philosophis
518 1944 709 1985 maxime
732 1955 835 1985 vero
858 1943 1240 1999 neopythagoricis
1266 1944 1313 1985 in
1336 1944 1427 1986 suis
1460 1943 1632 1985 morali-

225 2016 306 2057 bus
339 2015 671 2057 tractationibus
705 2029 937 2058 commune
969 2016 1114 2058 fuerit.

316 2088 521 2130 Ceterum
556 2101 733 2130 carmen
765 2088 1247 2143 pseudophocylideum
1280 2103 1388 2144 opus
1429 2101 1524 2131 esse
1567 2101 1633 2131 se-

223 2161 389 2214 quioris
421 2161 573 2201 aetatis
606 2160 676 2201 vel
708 2161 989 2215 grammatica
1022 2165 1065 2202 et
1084 2161 1261 2203 lexicon
1284 2161 1409 2202 nobis
1433 2160 1631 2213 suadent,

223 2233 487 2276 Locutiones
519 2236 753 2288 sequentes
785 2238 936 2276 notatu
972 2234 1129 2289 dignae
1170 2238 1294 2275 sunt:

347 2332 403 2336 —
436 2305 546 2348 εὐθὺ
580 2306 703 2349 δίδου
737 2319 796 2348 vs.
831 2307 911 2359 223
947 2307 1186 2362 ἀπόλειψον
1227 2308 1303 2361 (vs.
1340 2308 1423 2356 77).
1468 2305 1632 2362 Optimi

224 2380 389 2434 quique
421 2381 652 2435 scriptores
687 2406 743 2410 —
782 2380 964 2422 ἀπόλιπε
1001 2406 1056 2410 ——
1092 2380 1238 2422 dicere
1281 2382 1628 2431 consueverunt;

221 2453 413 2508 primum
443 2453 653 2495 aoristum
686 2456 836 2496 contra
866 2453 1127 2509 posteriores
1151 2452 1307 2496 Graeci
1329 2453 1480 2496 crebro
1504 2466 1630 2495 usur-

220 2529 390 2580 parunt.

343 2598 445 2654 πρὶν
478 2599 694 2654 ἀτρεκέως
725 2600 862 2655 πέρας
895 2599 994 2654 ὄψει
1039 2600 1114 2655 (VS.
1162 2600 1244 2654 79).
1292 2599 1403 2654 Πρὶν
1442 2598 1517 2641 ἐὰν
1553 2599 1629 2654 μή,
