<?xml version="1.0" encoding="UTF-8"?>
<!DOCTYPE html PUBLIC "-//W3C//DTD XHTML 1.0 Transitional//EN"
    "http://www.w3.org/TR/xhtml1/DTD/xhtml1-transitional.dtd">
<html xmlns="http://www.w3.org/1999/xhtml" xml:lang="en" lang="en">
 <head>
  <title>
</title>
<meta http-equiv="Content-Type" content="text/html;charset=utf-8" />
  <meta name='ocr-system' content='tesseract 3.04.00' />
  <meta name='ocr-capabilities' content='ocr_page ocr_carea ocr_par ocr_line ocrx_word'/>
</head>
<body>
  <div class='ocr_page' id='page_1' title='image "4737216_0044.png"; bbox 0 0 1844 3093; ppageno 0'>
   <div class='ocr_carea' id='block_1_1' title="bbox 224 154 1632 2704">
    <p class='ocr_par' dir='ltr' id='par_1_1' title="bbox 230 154 1421 285">
     <span class='ocr_line' id='line_1_1' title="bbox 840 154 1032 190; baseline 0 -11"><span class='ocrx_word' id='word_1_1' title='bbox 840 176 884 179; x_wconf 77' lang='grc'>-</span> <span class='ocrx_word' id='word_1_2' title='bbox 913 154 959 190; x_wconf 72' lang='grc'><strong><em>36</em></strong></span> <span class='ocrx_word' id='word_1_3' title='bbox 989 175 1032 179; x_wconf 76' lang='grc'>-</span> 
     </span>
     <span class='ocr_line' id='line_1_2' title="bbox 230 230 1421 285; baseline 0.001 -14"><span class='ocrx_word' id='word_1_4' title='bbox 230 230 524 272; x_wconf 81' lang='lat' dir='ltr'>conferendus</span> <span class='ocrx_word' id='word_1_5' title='bbox 559 233 624 272; x_wconf 84' lang='lat' dir='ltr'><strong><em>est</em></strong></span> <span class='ocrx_word' id='word_1_6' title='bbox 656 243 757 272; x_wconf 85' lang='lat' dir='ltr'><strong><em>oum</em></strong></span> <span class='ocrx_word' id='word_1_7' title='bbox 790 244 828 271; x_wconf 77' lang='lat' dir='ltr'><strong><em>v,</em></strong></span> <span class='ocrx_word' id='word_1_8' title='bbox 862 231 949 271; x_wconf 82' lang='lat'><strong><em>215</em></strong></span> <span class='ocrx_word' id='word_1_9' title='bbox 984 243 1100 285; x_wconf 91' lang='lat' dir='ltr'>segg.</span> <span class='ocrx_word' id='word_1_10' title='bbox 1132 230 1421 285; x_wconf 82' lang='lat' dir='ltr'>Theognidis:</span> 
     </span>
    </p>

    <p class='ocr_par' dir='ltr' id='par_1_2' title="bbox 324 303 1542 361">
     <span class='ocr_line' id='line_1_3' title="bbox 324 303 1542 361; baseline 0.002 -15"><span class='ocrx_word' id='word_1_11' title='bbox 324 303 537 347; x_wconf 85' lang='grc' dir='ltr'><strong><em>Πολύπου</em></strong></span> <span class='ocrx_word' id='word_1_12' title='bbox 571 304 707 360; x_wconf 86' lang='grc' dir='ltr'><strong><em>ὀργὴν</em></strong></span> <span class='ocrx_word' id='word_1_13' title='bbox 741 305 830 360; x_wconf 88' lang='grc' dir='ltr'><strong><em>ἴσχε</em></strong></span> <span class='ocrx_word' id='word_1_14' title='bbox 861 304 1157 356; x_wconf 79' lang='grc' dir='ltr'><strong><em>πολυπλόκου,</em></strong></span> <span class='ocrx_word' id='word_1_15' title='bbox 1191 306 1239 352; x_wconf 88' lang='grc' dir='ltr'><strong><em>ὃς</em></strong></span> <span class='ocrx_word' id='word_1_16' title='bbox 1269 304 1366 348; x_wconf 84' lang='grc' dir='ltr'><strong><em>ποτὶ</em></strong></span> <span class='ocrx_word' id='word_1_17' title='bbox 1395 306 1542 361; x_wconf 85' lang='grc' dir='ltr'><strong><em>πέτρῃ,</em></strong></span> 
     </span>
    </p>

    <p class='ocr_par' dir='ltr' id='par_1_3' title="bbox 323 379 1183 434">
     <span class='ocr_line' id='line_1_4' title="bbox 323 379 1183 434; baseline 0.002 -16"><span class='ocrx_word' id='word_1_18' title='bbox 323 382 374 433; x_wconf 79' lang='grc' dir='ltr'><strong><em>τῇ</em></strong></span> <span class='ocrx_word' id='word_1_19' title='bbox 404 379 716 433; x_wconf 81' lang='grc' dir='ltr'><strong><em>προςομιλήσῃ,</em></strong></span> <span class='ocrx_word' id='word_1_20' title='bbox 749 383 866 425; x_wconf 90' lang='grc' dir='ltr'><strong><em>τοῖος</em></strong></span> <span class='ocrx_word' id='word_1_21' title='bbox 897 379 1000 420; x_wconf 80' lang='grc' dir='ltr'><strong><em>ι’ὂεῖν</em></strong></span> <span class='ocrx_word' id='word_1_22' title='bbox 1033 379 1183 434; x_wconf 78' lang='grc' dir='ltr'><strong><em>ἐφάνη.</em></strong></span> 
     </span>
    </p>

    <p class='ocr_par' dir='ltr' id='par_1_4' title="bbox 228 450 1632 1018">
     <span class='ocr_line' id='line_1_5' title="bbox 322 450 1550 507; baseline 0.001 -14"><span class='ocrx_word' id='word_1_23' title='bbox 322 451 420 494; x_wconf 83' lang='grc' dir='ltr'><strong><em>Νῦν</em></strong></span> <span class='ocrx_word' id='word_1_24' title='bbox 451 451 532 507; x_wconf 88' lang='grc' dir='ltr'><strong><em>μὲν</em></strong></span> <span class='ocrx_word' id='word_1_25' title='bbox 562 451 654 507; x_wconf 83' lang='grc' dir='ltr'><strong><em>τῇδ’</em></strong></span> <span class='ocrx_word' id='word_1_26' title='bbox 689 452 854 507; x_wconf 81' lang='grc' dir='ltr'><strong><em>ἐφέπου</em></strong></span> <span class='ocrx_word' id='word_1_27' title='bbox 886 450 977 494; x_wconf 91' lang='grc' dir='ltr'><strong><em>τότε</em></strong></span> <span class='ocrx_word' id='word_1_28' title='bbox 1011 451 1222 499; x_wconf 81' lang='grc' dir='ltr'><strong><em>δ’ἄλλοῖος</em></strong></span> <span class='ocrx_word' id='word_1_29' title='bbox 1252 451 1364 507; x_wconf 87' lang='grc' dir='ltr'><strong><em>χρόα</em></strong></span> <span class='ocrx_word' id='word_1_30' title='bbox 1397 452 1550 507; x_wconf 90' lang='grc' dir='ltr'><strong><em>γίνεου.</em></strong></span> 
     </span>
     <span class='ocr_line' id='line_1_6' title="bbox 231 524 1630 580; baseline 0.001 -15"><span class='ocrx_word' id='word_1_31' title='bbox 231 525 313 566; x_wconf 83' lang='lat' dir='ltr'><strong><em>Vel</em></strong></span> <span class='ocrx_word' id='word_1_32' title='bbox 348 525 478 566; x_wconf 80' lang='lat' dir='ltr'>etiam</span> <span class='ocrx_word' id='word_1_33' title='bbox 523 538 624 566; x_wconf 83' lang='lat' dir='ltr'>cuni</span> <span class='ocrx_word' id='word_1_34' title='bbox 663 528 893 579; x_wconf 81' lang='lat' dir='ltr'>praecepto</span> <span class='ocrx_word' id='word_1_35' title='bbox 936 525 1191 580; x_wconf 80' lang='lat' dir='ltr'>Amphiarai</span> <span class='ocrx_word' id='word_1_36' title='bbox 1233 524 1349 580; x_wconf 82' lang='lat' dir='ltr'>apud</span> <span class='ocrx_word' id='word_1_37' title='bbox 1392 524 1630 566; x_wconf 84' lang='lat' dir='ltr'>Pindarum</span> 
     </span>
     <span class='ocr_line' id='line_1_7' title="bbox 228 596 1631 653; baseline 0.001 -14"><span class='ocrx_word' id='word_1_38' title='bbox 228 598 364 652; x_wconf 82' lang='lat' dir='ltr'>(Frag.</span> <span class='ocrx_word' id='word_1_39' title='bbox 403 599 486 639; x_wconf 82' lang='lat'><strong><em>173</em></strong></span> <span class='ocrx_word' id='word_1_40' title='bbox 530 597 721 651; x_wconf 85' lang='lat' dir='ltr'>Boeok):</span> <span class='ocrx_word' id='word_1_41' title='bbox 774 623 829 627; x_wconf 84' lang='lat'><strong><em>—-</em></strong></span> <span class='ocrx_word' id='word_1_42' title='bbox 864 596 921 638; x_wconf 88' lang='grc' dir='ltr'><em>Ὦ</em></span> <span class='ocrx_word' id='word_1_43' title='bbox 950 598 1113 646; x_wconf 80' lang='grc' dir='ltr'><strong><em>τέκνον,</em></strong></span> <span class='ocrx_word' id='word_1_44' title='bbox 1154 598 1329 640; x_wconf 85' lang='grc' dir='ltr'><strong><em>ποντίου</em></strong></span> <span class='ocrx_word' id='word_1_45' title='bbox 1372 596 1515 653; x_wconf 83' lang='grc' dir='ltr'><strong><em>θηρὸς</em></strong></span> <span class='ocrx_word' id='word_1_46' title='bbox 1557 614 1631 640; x_wconf 90' lang='grc' dir='ltr'><strong><em>πε-</em></strong></span> 
     </span>
     <span class='ocr_line' id='line_1_8' title="bbox 230 669 1632 725; baseline 0.001 -15"><span class='ocrx_word' id='word_1_47' title='bbox 230 671 379 725; x_wconf 87' lang='grc' dir='ltr'><strong><em>τραίου</em></strong></span> <span class='ocrx_word' id='word_1_48' title='bbox 411 670 545 725; x_wconf 81' lang='grc' dir='ltr'><strong><em>χρωτὶ</em></strong></span> <span class='ocrx_word' id='word_1_49' title='bbox 587 670 765 725; x_wconf 81' lang='grc' dir='ltr'><strong><em>μάλιστα</em></strong></span> <span class='ocrx_word' id='word_1_50' title='bbox 799 669 904 712; x_wconf 84' lang='grc' dir='ltr'><strong><em>νόον</em></strong></span> <span class='ocrx_word' id='word_1_51' title='bbox 934 671 1200 725; x_wconf 84' lang='grc' dir='ltr'><strong><em>προςφέρων</em></strong></span> <span class='ocrx_word' id='word_1_52' title='bbox 1230 670 1388 716; x_wconf 87' lang='grc' dir='ltr'><strong><em>πάσαις</em></strong></span> <span class='ocrx_word' id='word_1_53' title='bbox 1418 669 1632 712; x_wconf 86' lang='grc' dir='ltr'><strong><em>πολίεσσιν</em></strong></span> 
     </span>
     <span class='ocr_line' id='line_1_9' title="bbox 238 743 1628 799; baseline 0 -14"><span class='ocrx_word' id='word_1_54' title='bbox 238 744 373 799; x_wconf 86' lang='grc' dir='ltr'><strong><em>ὁμίλει</em></strong></span> <span class='ocrx_word' id='word_1_55' title='bbox 397 778 404 785; x_wconf 93' lang='grc'>.</span> <span class='ocrx_word' id='word_1_56' title='bbox 426 749 490 798; x_wconf 82' lang='grc' dir='ltr'><strong><em>τῷ</em></strong></span> <span class='ocrx_word' id='word_1_57' title='bbox 510 744 713 799; x_wconf 86' lang='grc' dir='ltr'><strong><em>παρεόντι</em></strong></span> <span class='ocrx_word' id='word_1_58' title='bbox 730 744 982 798; x_wconf 82' lang='grc' dir='ltr'><strong><em>ὁέπαινήσαι</em></strong></span> <span class='ocrx_word' id='word_1_59' title='bbox 1004 743 1120 786; x_wconf 84' lang='grc' dir='ltr'><strong><em>ἑκὼν</em></strong></span> <span class='ocrx_word' id='word_1_60' title='bbox 1142 743 1276 786; x_wconf 82' lang='grc' dir='ltr'><strong><em>ἄλλοτ’</em></strong></span> <span class='ocrx_word' id='word_1_61' title='bbox 1301 743 1448 785; x_wconf 86' lang='grc' dir='ltr'><strong><em>ἀλλοῖα</em></strong></span> <span class='ocrx_word' id='word_1_62' title='bbox 1476 743 1628 798; x_wconf 82' lang='grc' dir='ltr'><strong><em>φρόνει</em></strong></span> 
     </span>
     <span class='ocr_line' id='line_1_10' title="bbox 230 816 1631 872; baseline 0 -14"><span class='ocrx_word' id='word_1_63' title='bbox 230 817 519 871; x_wconf 77' lang='lat' dir='ltr'>&#39;Praeceptum</span> <span class='ocrx_word' id='word_1_64' title='bbox 553 829 668 871; x_wconf 82' lang='lat' dir='ltr'>vero,</span> <span class='ocrx_word' id='word_1_65' title='bbox 693 816 810 871; x_wconf 90' lang='lat' dir='ltr'>quod</span> <span class='ocrx_word' id='word_1_66' title='bbox 842 817 958 872; x_wconf 83' lang='lat' dir='ltr'>apud</span> <span class='ocrx_word' id='word_1_67' title='bbox 991 816 1179 858; x_wconf 82' lang='lat' dir='ltr'>Graecos</span> <span class='ocrx_word' id='word_1_68' title='bbox 1213 817 1266 858; x_wconf 91' lang='lat' dir='ltr'><strong><em>de</em></strong></span> <span class='ocrx_word' id='word_1_69' title='bbox 1299 817 1531 872; x_wconf 84' lang='lat' dir='ltr'>prudentia</span> <span class='ocrx_word' id='word_1_70' title='bbox 1563 817 1631 859; x_wconf 89' lang='lat' dir='ltr'><strong><em>vel</em></strong></span> 
     </span>
     <span class='ocr_line' id='line_1_11' title="bbox 229 888 1632 945; baseline 0 -14"><span class='ocrx_word' id='word_1_71' title='bbox 229 891 373 945; x_wconf 83' lang='lat' dir='ltr'>potius</span> <span class='ocrx_word' id='word_1_72' title='bbox 406 890 459 932; x_wconf 89' lang='lat' dir='ltr'><strong><em>de</em></strong></span> <span class='ocrx_word' id='word_1_73' title='bbox 493 890 652 932; x_wconf 83' lang='lat' dir='ltr'>astutia</span> <span class='ocrx_word' id='word_1_74' title='bbox 674 889 930 945; x_wconf 80' lang='lat' dir='ltr'>expetenda,</span> <span class='ocrx_word' id='word_1_75' title='bbox 951 889 1065 945; x_wconf 87' lang='lat' dir='ltr'>apud</span> <span class='ocrx_word' id='word_1_76' title='bbox 1089 889 1303 932; x_wconf 86' lang='lat' dir='ltr'>Iudaeum</span> <span class='ocrx_word' id='word_1_77' title='bbox 1336 889 1389 932; x_wconf 90' lang='lat' dir='ltr'><strong><em>de</em></strong></span> <span class='ocrx_word' id='word_1_78' title='bbox 1421 888 1632 944; x_wconf 83' lang='lat' dir='ltr'>fugienda</span> 
     </span>
     <span class='ocr_line' id='line_1_12' title="bbox 230 964 1398 1018; baseline 0.001 -14"><span class='ocrx_word' id='word_1_79' title='bbox 230 964 465 1005; x_wconf 79' lang='lat' dir='ltr'>ealliditate</span> <span class='ocrx_word' id='word_1_80' title='bbox 499 967 629 1018; x_wconf 79' lang='lat' dir='ltr'>extat,</span> <span class='ocrx_word' id='word_1_81' title='bbox 663 964 945 1018; x_wconf 84' lang='lat' dir='ltr'>subiungitur</span> <span class='ocrx_word' id='word_1_82' title='bbox 977 965 1094 1006; x_wconf 87' lang='lat' dir='ltr'>enim</span> <span class='ocrx_word' id='word_1_83' title='bbox 1128 977 1279 1005; x_wconf 86' lang='lat' dir='ltr'>versus</span> <span class='ocrx_word' id='word_1_84' title='bbox 1313 965 1398 1005; x_wconf 80' lang='lat'><strong><em>50:</em></strong></span> 
     </span>
    </p>

    <p class='ocr_par' dir='ltr' id='par_1_5' title="bbox 380 1037 1465 1092">
     <span class='ocr_line' id='line_1_13' title="bbox 380 1037 1465 1092; baseline 0 -13"><span class='ocrx_word' id='word_1_85' title='bbox 380 1041 486 1079; x_wconf 83' lang='grc' dir='ltr'><strong><em>πᾶσι</em></strong></span> <span class='ocrx_word' id='word_1_86' title='bbox 519 1037 727 1083; x_wconf 84' lang='grc' dir='ltr'><strong><em>δ’ἅπλοος</em></strong></span> <span class='ocrx_word' id='word_1_87' title='bbox 760 1038 859 1086; x_wconf 80' lang='grc' dir='ltr'><strong><em>ἴσθι,</em></strong></span> <span class='ocrx_word' id='word_1_88' title='bbox 891 1037 941 1079; x_wconf 87' lang='grc' dir='ltr'><strong><em>τὰ</em></strong></span> <span class='ocrx_word' id='word_1_89' title='bbox 975 1037 1064 1079; x_wconf 63' lang='grc' dir='ltr'><strong><em>(δ’ἐκ</em></strong></span> <span class='ocrx_word' id='word_1_90' title='bbox 1097 1042 1242 1092; x_wconf 82' lang='grc' dir='ltr'><strong><em>ψυχῆς</em></strong></span> <span class='ocrx_word' id='word_1_91' title='bbox 1274 1037 1465 1091; x_wconf 84' lang='grc' dir='ltr'><strong><em>ἀγόρευε.</em></strong></span> 
     </span>
    </p>

    <p class='ocr_par' dir='ltr' id='par_1_6' title="bbox 352 1109 945 1151">
     <span class='ocr_line' id='line_1_14' title="bbox 352 1109 945 1151; baseline 0 0"><span class='ocrx_word' id='word_1_92' title='bbox 352 1109 638 1151; x_wconf 74' lang='lat' dir='ltr'>‚Proverbium</span> <span class='ocrx_word' id='word_1_93' title='bbox 674 1123 826 1151; x_wconf 86' lang='lat' dir='ltr'>versus</span> <span class='ocrx_word' id='word_1_94' title='bbox 860 1110 945 1151; x_wconf 79' lang='lat'><strong><em>56:</em></strong></span> 
     </span>
    </p>

    <p class='ocr_par' dir='ltr' id='par_1_7' title="bbox 227 1182 1632 1894">
     <span class='ocr_line' id='line_1_15' title="bbox 383 1182 1477 1239; baseline 0 -14"><span class='ocrx_word' id='word_1_95' title='bbox 383 1184 464 1226; x_wconf 78' lang='grc' dir='ltr'><strong><em>οὐκ</em></strong></span> <span class='ocrx_word' id='word_1_96' title='bbox 499 1184 554 1225; x_wconf 84' lang='grc' dir='ltr'><strong><em>ἔτι</em></strong></span> <span class='ocrx_word' id='word_1_97' title='bbox 588 1183 765 1225; x_wconf 83' lang='grc' dir='ltr'><strong><em>δύναται</em></strong></span> <span class='ocrx_word' id='word_1_98' title='bbox 796 1182 844 1225; x_wconf 86' lang='grc' dir='ltr'><strong><em>τὸ</em></strong></span> <span class='ocrx_word' id='word_1_99' title='bbox 876 1183 1129 1239; x_wconf 83' lang='grc' dir='ltr'><strong><em>τετυγμένον</em></strong></span> <span class='ocrx_word' id='word_1_100' title='bbox 1161 1182 1263 1226; x_wconf 68' lang='grc' dir='ltr'><strong><em>ε’ναι</em></strong></span> <span class='ocrx_word' id='word_1_101' title='bbox 1295 1184 1477 1226; x_wconf 81' lang='grc' dir='ltr'><strong><em>ἄτυκτον</em></strong></span> 
     </span>
     <span class='ocr_line' id='line_1_16' title="bbox 228 1255 1628 1312; baseline -0.001 -13"><span class='ocrx_word' id='word_1_102' title='bbox 228 1256 380 1299; x_wconf 75' lang='lat' dir='ltr'>confer</span> <span class='ocrx_word' id='word_1_103' title='bbox 419 1270 520 1299; x_wconf 81' lang='lat' dir='ltr'><strong><em>oum</em></strong></span> <span class='ocrx_word' id='word_1_104' title='bbox 555 1256 791 1298; x_wconf 76' lang='lat' dir='ltr'>Simonidis</span> <span class='ocrx_word' id='word_1_105' title='bbox 826 1255 902 1298; x_wconf 85' lang='lat' dir='ltr'><strong><em>Cei</em></strong></span> <span class='ocrx_word' id='word_1_106' title='bbox 934 1255 1085 1312; x_wconf 81' lang='lat' dir='ltr'><strong>fragm.</strong></span> <span class='ocrx_word' id='word_1_107' title='bbox 1111 1257 1190 1309; x_wconf 75' lang='lat'><strong><em>523</em></strong></span> <span class='ocrx_word' id='word_1_108' title='bbox 1224 1256 1336 1298; x_wconf 82' lang='lat' dir='ltr'>Edit.</span> <span class='ocrx_word' id='word_1_109' title='bbox 1371 1256 1491 1298; x_wconf 81' lang='lat' dir='ltr'>Orus.</span> <span class='ocrx_word' id='word_1_110' title='bbox 1534 1269 1628 1311; x_wconf 83' lang='lat' dir='ltr'>pag.</span> 
     </span>
     <span class='ocr_line' id='line_1_17' title="bbox 230 1330 1630 1385; baseline -0.001 -14"><span class='ocrx_word' id='word_1_111' title='bbox 230 1331 338 1371; x_wconf 79' lang='lat'>246-</span> <span class='ocrx_word' id='word_1_112' title='bbox 380 1330 427 1372; x_wconf 82' lang='grc' dir='ltr'><strong><em>τὸ</em></strong></span> <span class='ocrx_word' id='word_1_113' title='bbox 461 1330 543 1385; x_wconf 84' lang='grc' dir='ltr'><strong><em>γὰρ</em></strong></span> <span class='ocrx_word' id='word_1_114' title='bbox 576 1330 861 1385; x_wconf 88' lang='grc' dir='ltr'><strong><em>γεγηνεμένον</em></strong></span> <span class='ocrx_word' id='word_1_115' title='bbox 893 1330 1027 1371; x_wconf 80' lang='grc' dir='ltr'><strong><em>οὐκέτ’</em></strong></span> <span class='ocrx_word' id='word_1_116' title='bbox 1069 1330 1250 1385; x_wconf 82' lang='grc' dir='ltr'><strong><em>ἄρεκτον</em></strong></span> <span class='ocrx_word' id='word_1_117' title='bbox 1282 1331 1394 1372; x_wconf 84' lang='grc' dir='ltr'><strong><em>ἔσται</em></strong></span> <span class='ocrx_word' id='word_1_118' title='bbox 1428 1330 1495 1371; x_wconf 82' lang='lat' dir='ltr'><strong><em>vel</em></strong></span> <span class='ocrx_word' id='word_1_119' title='bbox 1529 1343 1630 1371; x_wconf 81' lang='lat' dir='ltr'><strong><em>cum</em></strong></span> 
     </span>
     <span class='ocr_line' id='line_1_18' title="bbox 230 1402 1630 1458; baseline 0.001 -14"><span class='ocrx_word' id='word_1_120' title='bbox 230 1417 310 1444; x_wconf 81' lang='lat' dir='ltr'>vss.</span> <span class='ocrx_word' id='word_1_121' title='bbox 346 1404 484 1444; x_wconf 59' lang='lat'><strong><em>2834</em></strong></span> <span class='ocrx_word' id='word_1_122' title='bbox 506 1403 695 1457; x_wconf 86' lang='lat' dir='ltr'>Theogn.</span> <span class='ocrx_word' id='word_1_123' title='bbox 718 1404 827 1457; x_wconf 75' lang='lat' dir='ltr'>(pag.</span> <span class='ocrx_word' id='word_1_124' title='bbox 852 1404 908 1444; x_wconf 74' lang='lat'><strong><em>30</em></strong></span> <span class='ocrx_word' id='word_1_125' title='bbox 933 1402 997 1444; x_wconf 86' lang='lat' dir='ltr'><strong><em>ed.</em></strong></span> <span class='ocrx_word' id='word_1_126' title='bbox 1022 1402 1181 1456; x_wconf 85' lang='lat' dir='ltr'>Crusii)</span> <span class='ocrx_word' id='word_1_127' title='bbox 1204 1403 1327 1445; x_wconf 79' lang='grc' dir='ltr'><strong><em>Ἀλλὰ</em></strong></span> <span class='ocrx_word' id='word_1_128' title='bbox 1349 1403 1398 1444; x_wconf 86' lang='grc' dir='ltr'><strong><em>τὰ</em></strong></span> <span class='ocrx_word' id='word_1_129' title='bbox 1415 1403 1495 1458; x_wconf 90' lang='grc' dir='ltr'><strong><em>μὲν</em></strong></span> <span class='ocrx_word' id='word_1_130' title='bbox 1522 1419 1630 1458; x_wconf 91' lang='grc' dir='ltr'><strong><em>προ-</em></strong></span> 
     </span>
     <span class='ocr_line' id='line_1_19' title="bbox 227 1475 1627 1531; baseline -0.001 -14"><span class='ocrx_word' id='word_1_131' title='bbox 227 1477 427 1531; x_wconf 83' lang='grc' dir='ltr'><strong><em>βέβηκεν,</em></strong></span> <span class='ocrx_word' id='word_1_132' title='bbox 460 1475 687 1530; x_wconf 83' lang='grc' dir='ltr'><strong><em>ἀμηχανόν</em></strong></span> <span class='ocrx_word' id='word_1_133' title='bbox 719 1475 801 1517; x_wconf 80' lang='grc' dir='ltr'><strong><em>ἔστι</em></strong></span> <span class='ocrx_word' id='word_1_134' title='bbox 834 1476 1016 1529; x_wconf 86' lang='grc' dir='ltr'><strong><em>γενέσθα</em></strong></span> <span class='ocrx_word' id='word_1_135' title='bbox 1056 1476 1190 1530; x_wconf 85' lang='grc' dir='ltr'><strong><em>ἀέργα</em></strong></span> <span class='ocrx_word' id='word_1_136' title='bbox 1224 1475 1293 1517; x_wconf 83' lang='lat' dir='ltr'><strong><em>vel</em></strong></span> <span class='ocrx_word' id='word_1_137' title='bbox 1336 1479 1384 1516; x_wconf 85' lang='lat' dir='ltr'><strong><em>ut</em></strong></span> <span class='ocrx_word' id='word_1_138' title='bbox 1426 1475 1627 1517; x_wconf 82' lang='lat' dir='ltr'>Goramio</span> 
     </span>
     <span class='ocr_line' id='line_1_20' title="bbox 230 1547 1632 1603; baseline 0 -14"><span class='ocrx_word' id='word_1_139' title='bbox 230 1549 373 1603; x_wconf 79' lang='lat' dir='ltr'>placet</span> <span class='ocrx_word' id='word_1_140' title='bbox 406 1561 507 1589; x_wconf 85' lang='lat' dir='ltr'><strong><em>oum</em></strong></span> <span class='ocrx_word' id='word_1_141' title='bbox 529 1560 682 1589; x_wconf 73' lang='lat' dir='ltr'>versus</span> <span class='ocrx_word' id='word_1_142' title='bbox 706 1548 758 1588; x_wconf 88' lang='lat'><strong><em>31</em></strong></span> <span class='ocrx_word' id='word_1_143' title='bbox 787 1547 917 1589; x_wconf 86' lang='lat' dir='ltr'>Olint.</span> <span class='ocrx_word' id='word_1_144' title='bbox 941 1547 984 1589; x_wconf 93' lang='grc' dir='ltr'>Π</span> <span class='ocrx_word' id='word_1_145' title='bbox 1007 1548 1184 1589; x_wconf 84' lang='lat' dir='ltr'>Pindari</span> <span class='ocrx_word' id='word_1_146' title='bbox 1218 1548 1420 1602; x_wconf 86' lang='lat' dir='ltr'>(Bergk):</span> <span class='ocrx_word' id='word_1_147' title='bbox 1465 1551 1552 1589; x_wconf 85' lang='grc' dir='ltr'><strong><em>τῶν</em></strong></span> <span class='ocrx_word' id='word_1_148' title='bbox 1585 1547 1632 1589; x_wconf 79' lang='grc' dir='ltr'><strong><em>δὲ</em></strong></span> 
     </span>
     <span class='ocr_line' id='line_1_21' title="bbox 231 1619 1629 1675; baseline -0.001 -13"><span class='ocrx_word' id='word_1_149' title='bbox 231 1622 554 1675; x_wconf 80' lang='grc' dir='ltr'><strong><em>πεπραγμένων</em></strong></span> <span class='ocrx_word' id='word_1_150' title='bbox 586 1620 631 1661; x_wconf 82' lang='grc' dir='ltr'><strong><em>ἓν</em></strong></span> <span class='ocrx_word' id='word_1_151' title='bbox 664 1620 763 1674; x_wconf 85' lang='grc' dir='ltr'><em>δίκᾳ</em></span> <span class='ocrx_word' id='word_1_152' title='bbox 795 1637 837 1661; x_wconf 83' lang='grc' dir='ltr'><strong><em>τε</em></strong></span> <span class='ocrx_word' id='word_1_153' title='bbox 868 1620 943 1662; x_wconf 85' lang='grc' dir='ltr'><strong><em>καὶ</em></strong></span> <span class='ocrx_word' id='word_1_154' title='bbox 973 1619 1092 1675; x_wconf 82' lang='grc' dir='ltr'><strong><em>παρὰ</em></strong></span> <span class='ocrx_word' id='word_1_155' title='bbox 1127 1620 1252 1662; x_wconf 83' lang='grc' dir='ltr'><strong><em>δίκαν</em></strong></span> <span class='ocrx_word' id='word_1_156' title='bbox 1284 1620 1502 1675; x_wconf 77' lang='grc' dir='ltr'><strong><em>ἀποίητον,</em></strong></span> <span class='ocrx_word' id='word_1_157' title='bbox 1536 1619 1629 1661; x_wconf 80' lang='grc' dir='ltr'><strong><em>οὐδ’</em></strong></span> 
     </span>
     <span class='ocr_line' id='line_1_22' title="bbox 229 1692 1628 1749; baseline -0.001 -14"><span class='ocrx_word' id='word_1_158' title='bbox 229 1696 283 1736; x_wconf 80' lang='grc' dir='ltr'><strong><em>ἂν</em></strong></span> <span class='ocrx_word' id='word_1_159' title='bbox 326 1694 487 1749; x_wconf 88' lang='grc' dir='ltr'><strong><em>χρόνος</em></strong></span> <span class='ocrx_word' id='word_1_160' title='bbox 510 1693 534 1735; x_wconf 88' lang='grc' dir='ltr'>ὁ</span> <span class='ocrx_word' id='word_1_161' title='bbox 556 1693 693 1735; x_wconf 87' lang='grc' dir='ltr'><strong><em>πάντα</em></strong></span> <span class='ocrx_word' id='word_1_162' title='bbox 727 1693 869 1748; x_wconf 88' lang='grc' dir='ltr'><strong><em>πατὴρ</em></strong></span> <span class='ocrx_word' id='word_1_163' title='bbox 904 1693 1076 1735; x_wconf 84' lang='grc' dir='ltr'><strong><em>δύναιτο</em></strong></span> <span class='ocrx_word' id='word_1_164' title='bbox 1108 1693 1243 1748; x_wconf 89' lang='grc' dir='ltr'><strong><em>θέμεν</em></strong></span> <span class='ocrx_word' id='word_1_165' title='bbox 1276 1694 1428 1748; x_wconf 84' lang='grc' dir='ltr'><strong><em>ἔργων.</em></strong></span> <span class='ocrx_word' id='word_1_166' title='bbox 1463 1692 1628 1734; x_wconf 81' lang='lat' dir='ltr'>Versus</span> 
     </span>
     <span class='ocr_line' id='line_1_23' title="bbox 230 1765 1630 1821; baseline -0.001 -13"><span class='ocrx_word' id='word_1_167' title='bbox 230 1768 298 1821; x_wconf 81' lang='lat'><strong><em>61,</em></strong></span> <span class='ocrx_word' id='word_1_168' title='bbox 318 1780 579 1821; x_wconf 84' lang='lat' dir='ltr'>quamquam</span> <span class='ocrx_word' id='word_1_169' title='bbox 600 1766 881 1821; x_wconf 89' lang='lat' dir='ltr'>proverbium</span> <span class='ocrx_word' id='word_1_170' title='bbox 899 1779 921 1807; x_wconf 91' lang='lat' dir='ltr'>e</span> <span class='ocrx_word' id='word_1_171' title='bbox 939 1766 1095 1807; x_wconf 87' lang='lat' dir='ltr'>Bibliis</span> <span class='ocrx_word' id='word_1_172' title='bbox 1116 1767 1313 1821; x_wconf 83' lang='lat' dir='ltr'>petitum,</span> <span class='ocrx_word' id='word_1_173' title='bbox 1338 1765 1630 1808; x_wconf 80' lang='lat' dir='ltr'>conferendus</span> 
     </span>
     <span class='ocr_line' id='line_1_24' title="bbox 227 1838 1627 1894; baseline -0.001 -13"><span class='ocrx_word' id='word_1_174' title='bbox 227 1844 292 1881; x_wconf 80' lang='lat' dir='ltr'><strong><em>est</em></strong></span> <span class='ocrx_word' id='word_1_175' title='bbox 326 1853 428 1881; x_wconf 84' lang='lat' dir='ltr'><strong><em>oum</em></strong></span> <span class='ocrx_word' id='word_1_176' title='bbox 462 1852 590 1881; x_wconf 73' lang='lat' dir='ltr'>versu</span> <span class='ocrx_word' id='word_1_177' title='bbox 625 1838 848 1893; x_wconf 84' lang='lat' dir='ltr'>Euripidis</span> <span class='ocrx_word' id='word_1_178' title='bbox 872 1840 947 1893; x_wconf 89' lang='lat' dir='ltr'><strong><em>qui</em></strong></span> <span class='ocrx_word' id='word_1_179' title='bbox 971 1843 1036 1881; x_wconf 82' lang='lat' dir='ltr'><strong><em>est</em></strong></span> <span class='ocrx_word' id='word_1_180' title='bbox 1057 1839 1173 1894; x_wconf 83' lang='lat' dir='ltr'>apud</span> <span class='ocrx_word' id='word_1_181' title='bbox 1205 1839 1483 1881; x_wconf 80' lang='lat' dir='ltr'>Athenaeum</span> <span class='ocrx_word' id='word_1_182' title='bbox 1504 1838 1627 1880; x_wconf 89' lang='lat' dir='ltr'><strong>LVI:</strong></span> 
     </span>
    </p>

    <p class='ocr_par' dir='ltr' id='par_1_8' title="bbox 224 1911 1630 2558">
     <span class='ocr_line' id='line_1_25' title="bbox 345 1911 1510 1966; baseline 0.001 -13"><span class='ocrx_word' id='word_1_183' title='bbox 345 1912 429 1953; x_wconf 88' lang='grc' dir='ltr'><strong><em>Ἐν</em></strong></span> <span class='ocrx_word' id='word_1_184' title='bbox 458 1913 751 1966; x_wconf 82' lang='grc' dir='ltr'><strong><em>πλημονοῦντι</em></strong></span> <span class='ocrx_word' id='word_1_185' title='bbox 783 1911 865 1966; x_wconf 82' lang='grc' dir='ltr'><strong><em>γὰρ</em></strong></span> <span class='ocrx_word' id='word_1_186' title='bbox 897 1912 1066 1966; x_wconf 82' lang='grc' dir='ltr'><strong><em>κύπρις,</em></strong></span> <span class='ocrx_word' id='word_1_187' title='bbox 1098 1912 1144 1954; x_wconf 81' lang='grc' dir='ltr'><strong><em>ἓν</em></strong></span> <span class='ocrx_word' id='word_1_188' title='bbox 1174 1915 1370 1954; x_wconf 88' lang='grc' dir='ltr'><strong><em>πεινῶντι</em></strong></span> <span class='ocrx_word' id='word_1_189' title='bbox 1402 1912 1510 1954; x_wconf 81' lang='grc' dir='ltr'><strong><em>δὀὔ.</em></strong></span> 
     </span>
     <span class='ocr_line' id='line_1_26' title="bbox 228 1983 1628 2040; baseline 0 -14"><span class='ocrx_word' id='word_1_190' title='bbox 228 1985 391 2027; x_wconf 78' lang='lat' dir='ltr'>Versus</span> <span class='ocrx_word' id='word_1_191' title='bbox 426 1985 482 2026; x_wconf 81' lang='lat'><strong><em>64</em></strong></span> <span class='ocrx_word' id='word_1_192' title='bbox 517 1984 818 2027; x_wconf 81' lang='lat' dir='ltr'><strong><em>definitionem</em></strong></span> <span class='ocrx_word' id='word_1_193' title='bbox 866 1985 1188 2028; x_wconf 72' lang='lat' dir='ltr'>Aristotelio-ani</span> <span class='ocrx_word' id='word_1_194' title='bbox 1219 1984 1359 2040; x_wconf 79' lang='lat' dir='ltr'>affert,</span> <span class='ocrx_word' id='word_1_195' title='bbox 1395 1983 1470 2027; x_wconf 81' lang='lat' dir='ltr'>cfr.</span> <span class='ocrx_word' id='word_1_196' title='bbox 1504 1984 1628 2026; x_wconf 84' lang='lat' dir='ltr'>Rhet.</span> 
     </span>
     <span class='ocr_line' id='line_1_27' title="bbox 224 2057 1630 2113; baseline 0.001 -15"><span class='ocrx_word' id='word_1_197' title='bbox 224 2058 279 2111; x_wconf 72' lang='grc' dir='ltr'><strong><em>Π,</em></strong></span> <span class='ocrx_word' id='word_1_198' title='bbox 314 2071 337 2099; x_wconf 85' lang='lat' dir='ltr'>o</span> <span class='ocrx_word' id='word_1_199' title='bbox 371 2058 396 2098; x_wconf 79' lang='lat'><strong><em>‘2</em></strong></span> <span class='ocrx_word' id='word_1_200' title='bbox 431 2058 552 2098; x_wconf 81' lang='lat' dir='ltr'>init.:</span> <span class='ocrx_word' id='word_1_201' title='bbox 579 2057 720 2100; x_wconf 84' lang='grc' dir='ltr'><strong><em>’Έστω</em></strong></span> <span class='ocrx_word' id='word_1_202' title='bbox 744 2057 797 2112; x_wconf 80' lang='grc' dir='ltr'><strong><em>δὴ</em></strong></span> <span class='ocrx_word' id='word_1_203' title='bbox 832 2058 858 2112; x_wconf 87' lang='grc' dir='ltr'>ἡ</span> <span class='ocrx_word' id='word_1_204' title='bbox 893 2058 1001 2113; x_wconf 89' lang='grc' dir='ltr'><strong><em>ὀργὴ</em></strong></span> <span class='ocrx_word' id='word_1_205' title='bbox 1025 2058 1169 2113; x_wconf 83' lang='grc' dir='ltr'><strong><em>ὄρεξις</em></strong></span> <span class='ocrx_word' id='word_1_206' title='bbox 1199 2057 1304 2112; x_wconf 88' lang='grc' dir='ltr'><strong><em>μετὰ</em></strong></span> <span class='ocrx_word' id='word_1_207' title='bbox 1328 2057 1468 2112; x_wconf 81' lang='grc' dir='ltr'><strong><em>λύπης</em></strong></span> <span class='ocrx_word' id='word_1_208' title='bbox 1499 2073 1630 2112; x_wconf 89' lang='grc' dir='ltr'><strong><em>τιμω-</em></strong></span> 
     </span>
     <span class='ocr_line' id='line_1_28' title="bbox 225 2130 1630 2187; baseline -0.001 -14"><span class='ocrx_word' id='word_1_209' title='bbox 225 2132 322 2187; x_wconf 88' lang='grc' dir='ltr'><strong><em>ρίας</em></strong></span> <span class='ocrx_word' id='word_1_210' title='bbox 357 2148 396 2173; x_wconf 91' lang='grc' dir='ltr'><strong><em>κ.</em></strong></span> <span class='ocrx_word' id='word_1_211' title='bbox 430 2148 462 2173; x_wconf 88' lang='grc' dir='ltr'><strong><em>τ.</em></strong></span> <span class='ocrx_word' id='word_1_212' title='bbox 496 2131 531 2173; x_wconf 91' lang='grc' dir='ltr'><strong><em>λ.</em></strong></span> <span class='ocrx_word' id='word_1_213' title='bbox 566 2135 610 2173; x_wconf 82' lang='lat' dir='ltr'><strong><em>et</em></strong></span> <span class='ocrx_word' id='word_1_214' title='bbox 630 2130 695 2173; x_wconf 82' lang='lat' dir='ltr'><strong><em>De</em></strong></span> <span class='ocrx_word' id='word_1_215' title='bbox 719 2132 864 2172; x_wconf 83' lang='lat' dir='ltr'>anima</span> <span class='ocrx_word' id='word_1_216' title='bbox 896 2131 929 2180; x_wconf 89' lang='lat' dir='ltr'><strong><em>I,</em></strong></span> <span class='ocrx_word' id='word_1_217' title='bbox 966 2133 1018 2172; x_wconf 87' lang='lat'><strong><em>1:</em></strong></span> <span class='ocrx_word' id='word_1_218' title='bbox 1054 2130 1162 2187; x_wconf 87' lang='grc' dir='ltr'><strong><em>ὀργὴ</em></strong></span> <span class='ocrx_word' id='word_1_219' title='bbox 1196 2131 1235 2173; x_wconf 90' lang='grc' dir='ltr'><strong><em>τί</em></strong></span> <span class='ocrx_word' id='word_1_220' title='bbox 1263 2131 1372 2173; x_wconf 81' lang='grc' dir='ltr'><strong><em>ε’στιν</em></strong></span> <span class='ocrx_word' id='word_1_221' title='bbox 1404 2130 1429 2172; x_wconf 87' lang='grc' dir='ltr'>ὁ</span> <span class='ocrx_word' id='word_1_222' title='bbox 1464 2130 1630 2172; x_wconf 80' lang='grc' dir='ltr'><strong><em>διαλεκ-</em></strong></span> 
     </span>
     <span class='ocr_line' id='line_1_29' title="bbox 225 2203 1630 2260; baseline -0.001 -14"><span class='ocrx_word' id='word_1_223' title='bbox 225 2204 341 2251; x_wconf 85' lang='grc' dir='ltr'><strong><em>τικὸς</em></strong></span> <span class='ocrx_word' id='word_1_224' title='bbox 373 2205 561 2259; x_wconf 88' lang='grc' dir='ltr'><strong><em>ὁρίσαιτο</em></strong></span> <span class='ocrx_word' id='word_1_225' title='bbox 594 2205 648 2246; x_wconf 83' lang='grc' dir='ltr'><strong><em>ἂν</em></strong></span> <span class='ocrx_word' id='word_1_226' title='bbox 681 2205 822 2259; x_wconf 83' lang='grc' dir='ltr'><strong><em>ὄρεξις</em></strong></span> <span class='ocrx_word' id='word_1_227' title='bbox 853 2204 1182 2260; x_wconf 81' lang='grc' dir='ltr'><strong><em>ἀντιλυπήσεως.</em></strong></span> <span class='ocrx_word' id='word_1_228' title='bbox 1216 2203 1453 2245; x_wconf 87' lang='lat' dir='ltr'>Proverbio</span> <span class='ocrx_word' id='word_1_229' title='bbox 1477 2216 1630 2245; x_wconf 82' lang='lat' dir='ltr'>versus</span> 
     </span>
     <span class='ocr_line' id='line_1_30' title="bbox 228 2275 1628 2335; baseline -0.001 -15"><span class='ocrx_word' id='word_1_230' title='bbox 228 2280 310 2321; x_wconf 78' lang='lat'><strong><em>97:</em></strong></span> <span class='ocrx_word' id='word_1_231' title='bbox 344 2278 457 2335; x_wconf 83' lang='grc' dir='ltr'><strong><em>μηδὲ</em></strong></span> <span class='ocrx_word' id='word_1_232' title='bbox 488 2278 627 2334; x_wconf 88' lang='grc' dir='ltr'><strong><em>μάτην</em></strong></span> <span class='ocrx_word' id='word_1_233' title='bbox 670 2277 738 2320; x_wconf 80' lang='grc' dir='ltr'><strong><em>ε’πὶ</em></strong></span> <span class='ocrx_word' id='word_1_234' title='bbox 775 2282 864 2335; x_wconf 85' lang='grc' dir='ltr'><strong><em>πῦρ</em></strong></span> <span class='ocrx_word' id='word_1_235' title='bbox 902 2279 1091 2326; x_wconf 89' lang='grc' dir='ltr'><strong><em>καθίσας</em></strong></span> <span class='ocrx_word' id='word_1_236' title='bbox 1129 2277 1319 2334; x_wconf 85' lang='grc' dir='ltr'><strong><em>μινύθῃς</em></strong></span> <span class='ocrx_word' id='word_1_237' title='bbox 1356 2277 1481 2334; x_wconf 82' lang='grc' dir='ltr'><strong><em>φίλον</em></strong></span> <span class='ocrx_word' id='word_1_238' title='bbox 1523 2275 1628 2333; x_wconf 84' lang='grc' dir='ltr'><strong><em>ἦτορ</em></strong></span> 
     </span>
     <span class='ocr_line' id='line_1_31' title="bbox 226 2351 1630 2407; baseline -0.001 -14"><span class='ocrx_word' id='word_1_239' title='bbox 226 2353 422 2407; x_wconf 80' lang='lat' dir='ltr'>praeivit,</span> <span class='ocrx_word' id='word_1_240' title='bbox 458 2356 505 2393; x_wconf 86' lang='lat' dir='ltr'><strong><em>ut</em></strong></span> <span class='ocrx_word' id='word_1_241' title='bbox 537 2353 597 2393; x_wconf 82' lang='lat' dir='ltr'><strong><em>ait</em></strong></span> <span class='ocrx_word' id='word_1_242' title='bbox 629 2352 798 2405; x_wconf 80' lang='lat' dir='ltr'>Goram,</span> <span class='ocrx_word' id='word_1_243' title='bbox 822 2352 927 2406; x_wconf 82' lang='lat' dir='ltr'>frag.</span> <span class='ocrx_word' id='word_1_244' title='bbox 952 2352 1076 2394; x_wconf 87' lang='lat' dir='ltr'>Pind.</span> <span class='ocrx_word' id='word_1_245' title='bbox 1108 2352 1178 2406; x_wconf 75' lang='lat'><strong><em>49,</em></strong></span> <span class='ocrx_word' id='word_1_246' title='bbox 1212 2353 1261 2393; x_wconf 86' lang='lat'><strong><em>3:</em></strong></span> <span class='ocrx_word' id='word_1_247' title='bbox 1297 2352 1349 2394; x_wconf 81' lang='grc' dir='ltr'><strong><em>οὗ</em></strong></span> <span class='ocrx_word' id='word_1_248' title='bbox 1383 2351 1464 2406; x_wconf 85' lang='grc' dir='ltr'><strong><em>γὰρ</em></strong></span> <span class='ocrx_word' id='word_1_249' title='bbox 1488 2351 1630 2397; x_wconf 80' lang='grc' dir='ltr'><strong><em>ἐοικὸς</em></strong></span> 
     </span>
     <span class='ocr_line' id='line_1_32' title="bbox 226 2423 1630 2483; baseline -0.002 -14"><span class='ocrx_word' id='word_1_250' title='bbox 226 2427 549 2482; x_wconf 76' lang='grc' dir='ltr'><strong><em>ἁρπαζομένων</em></strong></span> <span class='ocrx_word' id='word_1_251' title='bbox 579 2429 667 2468; x_wconf 82' lang='grc' dir='ltr'><strong><em>τῶν</em></strong></span> <span class='ocrx_word' id='word_1_252' title='bbox 695 2426 855 2469; x_wconf 80' lang='grc' dir='ltr'><strong><em>ἐόντων</em></strong></span> <span class='ocrx_word' id='word_1_253' title='bbox 883 2427 1112 2483; x_wconf 87' lang='grc' dir='ltr'><strong><em>καθῆσθαι</em></strong></span> <span class='ocrx_word' id='word_1_254' title='bbox 1133 2427 1234 2481; x_wconf 79' lang='grc' dir='ltr'><strong><em>παρ’</em></strong></span> <span class='ocrx_word' id='word_1_255' title='bbox 1260 2426 1371 2480; x_wconf 81' lang='grc' dir='ltr'><strong><em>ἑστίᾳ</em></strong></span> <span class='ocrx_word' id='word_1_256' title='bbox 1393 2425 1467 2468; x_wconf 84' lang='grc' dir='ltr'><strong><em>καὶ</em></strong></span> <span class='ocrx_word' id='word_1_257' title='bbox 1487 2423 1630 2467; x_wconf 84' lang='grc' dir='ltr'><strong><em>κακὸν</em></strong></span> 
     </span>
     <span class='ocr_line' id='line_1_33' title="bbox 224 2500 1624 2558; baseline -0.004 -13"><span class='ocrx_word' id='word_1_258' title='bbox 224 2503 417 2558; x_wconf 82' lang='grc' dir='ltr'><strong><em>ἔμμεναι.</em></strong></span> <span class='ocrx_word' id='word_1_259' title='bbox 442 2527 497 2530; x_wconf 88' lang='grc'><strong>-</strong></span> <span class='ocrx_word' id='word_1_260' title='bbox 525 2501 687 2543; x_wconf 81' lang='lat' dir='ltr'>Versus</span> <span class='ocrx_word' id='word_1_261' title='bbox 712 2502 766 2542; x_wconf 80' lang='lat'><strong><em>92</em></strong></span> <span class='ocrx_word' id='word_1_262' title='bbox 791 2514 925 2557; x_wconf 88' lang='lat' dir='ltr'>prope</span> <span class='ocrx_word' id='word_1_263' title='bbox 948 2501 1093 2543; x_wconf 86' lang='lat' dir='ltr'>reddit</span> <span class='ocrx_word' id='word_1_264' title='bbox 1115 2514 1291 2543; x_wconf 89' lang='lat' dir='ltr'>versum</span> <span class='ocrx_word' id='word_1_265' title='bbox 1316 2501 1400 2542; x_wconf 85' lang='lat'><strong><em>115</em></strong></span> <span class='ocrx_word' id='word_1_266' title='bbox 1424 2500 1624 2555; x_wconf 86' lang='lat' dir='ltr'>Theogn:</span> 
     </span>
    </p>

    <p class='ocr_par' dir='ltr' id='par_1_9' title="bbox 226 2575 1625 2704">
     <span class='ocr_line' id='line_1_34' title="bbox 310 2575 1542 2631; baseline -0.002 -12"><span class='ocrx_word' id='word_1_267' title='bbox 310 2603 366 2607; x_wconf 47' lang='grc'><strong><em>*-</em></strong></span> <span class='ocrx_word' id='word_1_268' title='bbox 399 2577 554 2619; x_wconf 87' lang='grc' dir='ltr'><strong><em>πολλοί</em></strong></span> <span class='ocrx_word' id='word_1_269' title='bbox 582 2593 646 2619; x_wconf 91' lang='grc' dir='ltr'><strong><em>τοι</em></strong></span> <span class='ocrx_word' id='word_1_270' title='bbox 676 2577 830 2623; x_wconf 89' lang='grc' dir='ltr'><strong><em>πόσιος</em></strong></span> <span class='ocrx_word' id='word_1_271' title='bbox 860 2576 933 2618; x_wconf 85' lang='grc' dir='ltr'><strong><em>καὶ</em></strong></span> <span class='ocrx_word' id='word_1_272' title='bbox 964 2575 1156 2631; x_wconf 86' lang='grc' dir='ltr'><strong><em>βρώσιός</em></strong></span> <span class='ocrx_word' id='word_1_273' title='bbox 1188 2576 1263 2617; x_wconf 87' lang='grc' dir='ltr'><strong><em>εἶσι</em></strong></span> <span class='ocrx_word' id='word_1_274' title='bbox 1295 2575 1453 2629; x_wconf 80' lang='grc' dir='ltr'><strong><em>ἑταῖροι</em></strong></span> <span class='ocrx_word' id='word_1_275' title='bbox 1485 2598 1542 2603; x_wconf 89' lang='lat'>—</span> 
     </span>
     <span class='ocr_line' id='line_1_35' title="bbox 226 2646 1625 2704; baseline -0.004 -10"><span class='ocrx_word' id='word_1_276' title='bbox 226 2652 321 2694; x_wconf 78' lang='lat' dir='ltr'>Vss.</span> <span class='ocrx_word' id='word_1_277' title='bbox 359 2651 494 2694; x_wconf 64' lang='lat'>107-53</span> <span class='ocrx_word' id='word_1_278' title='bbox 530 2650 582 2692; x_wconf 83' lang='lat' dir='ltr'><strong><em>ab</em></strong></span> <span class='ocrx_word' id='word_1_279' title='bbox 617 2649 759 2692; x_wconf 76' lang='lat' dir='ltr'>aliena</span> <span class='ocrx_word' id='word_1_280' title='bbox 791 2663 924 2691; x_wconf 78' lang='lat' dir='ltr'>manu</span> <span class='ocrx_word' id='word_1_281' title='bbox 957 2650 1143 2691; x_wconf 88' lang='lat' dir='ltr'>insertos</span> <span class='ocrx_word' id='word_1_282' title='bbox 1176 2661 1270 2691; x_wconf 83' lang='lat' dir='ltr'>esse</span> <span class='ocrx_word' id='word_1_283' title='bbox 1302 2650 1427 2704; x_wconf 81' lang='lat' dir='ltr'>putat</span> <span class='ocrx_word' id='word_1_284' title='bbox 1468 2646 1625 2703; x_wconf 85' lang='lat' dir='ltr'>Bergk,</span> 
     </span>
    </p>
   </div>
  </div>
 </body>
</html>
