1844 3093
858 147 902 151 —
932 125 979 161 42
1007 147 1051 151 -.

251 200 405 256 fuerat,
439 201 503 244 sic
536 201 619 243 ait:
659 217 677 239 «
696 200 884 249 πολλοὺς
916 201 1061 244 αὐτῶν
1092 201 1150 249 εἷς
1180 200 1230 243 τὰ
1262 201 1455 258 φρούρια
1476 203 1658 247 καταλο-

250 275 384 330 χίσας,
416 275 491 317 καὶ
521 278 607 322 τοῖς
638 274 895 317 Μακεδόσιν
923 275 969 317 ἕν
984 275 1282 330 Ἀλεξανδρείᾳ
1302 276 1487 331 ποιήσας
1508 277 1656 319 ἰσοπο-

250 348 375 397 λίτας,
409 348 572 403 ὅρκους
605 348 731 403 ἔλαβε
762 348 865 403 παρ’
899 347 1042 390 αὐτῶν
1074 364 1113 389 κ.
1146 364 1178 390 τ.
1224 348 1258 390 λ.
1282 363 1328 401 >>;
1373 349 1506 391 immo
1549 363 1657 392 non—

251 420 395 462 nullos
427 421 691 463 Iudaeorum
723 420 829 463 illue
851 421 1022 463 venisse
1046 421 1115 463 vel
1138 420 1329 463 bonitate
1352 422 1432 463 soli
1456 422 1526 464 vel
1547 422 1655 465 libe-

251 493 419 536 ralitate
442 494 683 536 Ptolomaei
706 494 906 536 allectos:
936 511 954 532 «
978 494 1059 536 οὒκ
1078 494 1209 549 ὀλίγοι
1239 493 1386 536 δὀὗὸὲ
1406 497 1493 537 τῶν
1515 495 1660 538 ἄλλων

246 565 472 609 Ἰουδαΐων
500 567 712 614 ἑκουσίως
744 568 801 614 εἷς
832 566 908 623 τὴν
940 568 1159 622 Αἴγυπτον
1190 567 1478 622 παρεγένοντο
1509 571 1585 624 τῆς
1616 585 1658 611 τε

251 641 404 697 ἀρετῆς
434 644 523 684 τῶν
553 641 702 684 τόπων
734 641 865 697 αὐτῆς
896 641 970 683 καὶ
1000 645 1073 697 τῆς
1103 645 1190 684 τοῦ.
1229 640 1503 696 Πτολεμαίου
1535 642 1655 697 φιλο-

251 714 390 767 τιμίας
420 715 819 769 προςκαλουμένης.
843 715 995 756 Strabo
1023 715 1199 768 (Histor.
1224 715 1269 755 L.
1292 714 1414 767 XIV,
1438 728 1472 756 c.
1495 715 1592 768 VII,
1617 717 1659 767 2)

253 786 361 829 haec
394 786 544 829 habet:
575 804 593 825 «
612 821 707 829 .....
731 786 776 829 ἒν
799 790 905 841 γοῦν
926 786 1133 842 Αἰγύπτῳ
1154 786 1350 829 κατοικία
1378 790 1465 829 τῶν
1491 782 1659 830 Ἰουδα-

251 858 332 901 ΐων
353 859 461 902 ε’στὶν
490 859 843 915 ἀποδεδειγμένη,
866 859 1001 915 χωρὶς
1022 859 1096 901 καὶ
1125 864 1199 915 τῆς
1229 863 1317 902 τῶν
1337 859 1657 914 Ἀλεξανδρέων

251 932 423 980 πόλεως
453 933 677 988 ἀφώριστο
708 933 821 988 μέγα
852 933 988 988 μέρος
1012 937 1074 987 τῷ
1094 932 1210 975 ἔθνει
1230 933 1380 988 τούτῳ.
1403 933 1656 975 καθίσταται

254 1006 300 1048 δὲ
332 1006 407 1048 καὶ
438 1006 656 1062 ἐθνάρχης
688 1007 844 1055 αὐτῶν,
877 1007 926 1053 ὃς
958 1006 1113 1048 διοικεῖ
1137 1022 1180 1048 τε
1200 1005 1248 1049 τὸ
1270 1007 1401 1054 ἔθνος
1421 1006 1495 1049 καὶ
1518 1007 1655 1063 διαιτᾷ

251 1080 422 1133 κρίσεις,
454 1080 530 1121 καὶ
563 1079 843 1135 συμβολαίων
874 1080 1123 1134 ἐπιμελεῖται
1164 1080 1238 1121 καὶ
1279 1095 1340 1135 πρ
1384 1062 1654 1135 σταγμάτων,

255 1153 319 1199 ὡς
348 1153 402 1194 ἂν
433 1152 644 1199 πολιτείας
675 1153 826 1208 ἄρχων
857 1152 1119 1199 αὐτοτελοῦς.
1152 1152 1198 1194 ἕν
1229 1152 1435 1208 Αἰγύπτῳ
1466 1152 1546 1207 μὲν
1579 1152 1657 1195 οὖν

256 1228 402 1282 ἴσχυσε
422 1225 470 1268 τὸ
488 1227 661 1272 ἔθνος..
679 1259 686 1266 .
703 1259 710 1267 .
729 1243 747 1263 >>
784 1225 869 1267 κτλ.
904 1225 979 1267 cfr.
1013 1225 1122 1267 Phil.
1148 1239 1182 1267 e.
1212 1226 1297 1268 523
1322 1229 1472 1267 contra
1493 1225 1655 1268 Flaoe.:

256 1326 311 1329 —
338 1300 364 1355 ῆ
387 1299 510 1346 πόλις
531 1299 762 1354 οἰκήτορας
783 1299 867 1353 ἔχει
890 1297 1052 1345 διττοὺς
1073 1298 1188 1353 ἡμᾶς
1209 1315 1252 1340 τε
1273 1298 1347 1340 καὶ
1377 1298 1554 1345 τούτους
1585 1298 1659 1341 καὶ

254 1377 373 1415 πᾶσα
395 1373 622 1427 Αἴγυπτος,
655 1372 730 1413 καὶ
762 1371 824 1413 ὅτι
857 1372 938 1413 οὒκ
972 1371 1206 1413 ἀποδέουσι
1237 1371 1466 1427 μυριάδων
1503 1371 1658 1413 ἑκατὸν

255 1448 297 1490 οἶ
325 1451 401 1503 τῆν
427 1446 751 1502 Ἀλεξάνδρειαν
782 1445 857 1488 καὶ
886 1445 962 1501 τὴν
994 1446 1147 1501 χώραν
1171 1445 1372 1489 Ἰουδαῖοι
1400 1449 1654 1489 κατοικοῦν-

254 1536 321 1567 τες
343 1553 545 1561 .......
568 1520 654 1560 525
677 1520 800 1561 πέντε
821 1522 971 1574 μοῖραι
990 1523 1064 1574 τῆς
1084 1518 1255 1566 πόλεώς
1275 1520 1377 1561 εἰσιν
1400 1544 1468 1574 —‚
1490 1519 1657 1561 τούτων

254 1593 335 1637 δύο
362 1593 595 1636 Ἰονδαϊκαὶ
631 1593 834 1648 λέγονται,
880 1592 948 1635 διὰ
990 1591 1037 1635 τὸ
1078 1593 1298 1640 πλείστους
1331 1592 1569 1641 Ἰουδαίους
1611 1593 1656 1635 ἕν

255 1666 421 1713 ταύταις
451 1669 677 1708 κατοικεῖν.
712 1666 878 1707 οἰκοῦσι
910 1665 956 1707 δὲ
977 1665 1052 1707 καὶ
1073 1665 1118 1707 ἐν
1139 1669 1228 1712 ταῖς
1246 1665 1390 1712 ἄλλαις
1413 1665 1493 1707 οὐκ
1527 1665 1658 1719 ὀλίγοι

253 1739 481 1793 σποράδες.
515 1764 572 1768 -
595 1738 652 1780 Et
674 1739 748 1793 qui
771 1739 897 1793 plura
919 1738 972 1780 de
989 1738 1253 1780 ludaeorum
1276 1738 1526 1780 conditione
1547 1739 1658 1780 seire

253 1812 358 1867 vult,
390 1812 586 1868 perlegat
617 1825 707 1868 cap.
741 1812 768 1853 4
801 1811 893 1854 Lib.
926 1811 969 1853 II
1002 1811 1082 1854 Ios.
1105 1811 1220 1854 FlaV.
1245 1811 1345 1854 Ant.
1368 1811 1461 1854 Iud.
1486 1811 1561 1854 ubi
1586 1811 1659 1854 de—

253 1886 507 1928 seribuntur
536 1886 634 1940 jura
666 1898 717 1927 ae
749 1884 978 1940 privilegia
1009 1884 1184 1926 Iudaeis
1218 1898 1424 1927 concessa
1466 1885 1518 1926 ab
1558 1885 1660 1926 Ale-

250 1958 418 2001 xandro
451 1957 622 2015 Magno,
655 1957 906 2001 Ptolomaeo
940 1956 1058 2014 Lagi,
1087 1957 1336 2001 Ptolomaeo
1358 1957 1658 2015 Philadelpho,

253 2034 329 2087 qui
360 2035 590 2087 postremo,
624 2036 712 2073 tota
744 2032 872 2086 Syria
903 2033 946 2072 vi
980 2035 1023 2073 et
1055 2033 1185 2073 armis
1219 2036 1430 2086 occupata
1463 2048 1481 2069 «
1500 2032 1553 2073 οὗ
1574 2035 1661 2077 τοῖς

255 2106 300 2147 ἒν
331 2105 539 2160 Αἰγύπτῳ
570 2105 691 2152 θεοῖς
721 2104 972 2160 χαριστήρια
995 2108 1068 2159 τῆς
1100 2104 1221 2159 νίκης
1242 2104 1410 2153 ἔθυσεν,
1427 2102 1545 2156 ἀλλὰ,
1577 2119 1660 2145 πα-

253 2177 545 2232 ραγενόμενος
576 2178 634 2224 εἷς
669 2176 962 2232 Ἰεροσόλυμα,
1005 2175 1177 2225 πόλλὰς,
1223 2177 1286 2223 ὡς
1327 2177 1429 2232 ἡμῖν
1471 2175 1659 2231 νομιμόν

251 2251 371 2300 ἔστιν,
394 2250 607 2293 ἐπετέλεσε
628 2250 784 2297 θυσίας
803 2254 867 2304 τῷ
903 2248 1015 2305 Θεῷ,
1048 2249 1122 2291 καὶ
1151 2249 1365 2305 ἀνέθηκεν
1395 2249 1657 2305 ἀναθήματα

249 2326 324 2378 τῆς
352 2323 473 2378 νίκης
506 2323 616 2372 ἄξια.
649 2325 701 2377 (c.
735 2323 774 2376 4,
808 2322 878 2376 II.)
912 2347 967 2352 --
1004 2322 1239 2365 Praeterea
1274 2334 1426 2365 versus
1463 2321 1657 2363 Pseudo-

251 2396 500 2452 phoeylidis
535 2396 737 2439 100—2:
1365 2452 1369 2456 .

344 2495 400 2499 ——
423 2469 485 2525 μὴ
508 2469 666 2525 τύνβον
685 2468 916 2524 φθτμένων
938 2468 1166 2524 ἀνορύξῃς,
1188 2468 1295 2524 μηδ’
1320 2468 1485 2510 ἀθέατα

346 2543 487 2599 δείξῃς
509 2543 650 2598 ἠελίῳ,
672 2542 747 2584 καὶ
769 2541 995 2597 δαιμόνιον
1016 2541 1148 2601 χρλον
1170 2542 1314 2597 ὄρσῃς.

345 2616 397 2659 οὐ
419 2614 556 2659 καλὸν
578 2615 791 2671 ἁρμονίην
814 2614 1052 2671 ἀναλύεμεν
1074 2614 1333 2671 ἀνθρώποιο
1356 2641 1412 2644 --
