1844 3093
829 141 873 146 --
900 120 949 157 20
977 141 1021 146 -.

244 196 477 251 ”Εκνομον
510 198 536 251 ἢ
572 197 752 245 δίκαιον,
787 197 1045 251 διακρίνεται
1076 197 1135 243 εἰς
1166 198 1306 252 κρίσιν
1338 197 1494 239 ἐλθών.

254 268 386 324 Μηδὲ
418 269 583 324 φρένας
613 268 814 324 βλάπτειν
847 270 965 324 οἴνῳ,
986 268 1100 325 μηδὲ
1131 269 1267 311 πίνειν
1298 269 1469 326 ἅμητρα

256 343 375 396 Αἷμα
410 342 457 384 δὲ
487 342 549 397 μὴ
583 343 686 397 φάγ.
720 343 794 384 εἰὸ.
828 343 900 384 ἀπ.

219 415 428 470 Sequitur
461 415 620 458 deinde
666 429 726 457 vs.
769 416 823 457 31
871 415 1111 472 pseudoph.
1152 434 1211 455 z
1247 415 1305 459 Τὸ
1338 417 1462 473 ξίφος
1494 417 1626 473 ἄμφι-

217 490 356 545 βαλοῦ
388 490 449 545 μὴ
482 489 596 546 πρὸς
627 490 780 545 φόνον,
813 490 900 532 ἀλλ’
933 490 976 537 ἒς
1007 491 1190 546 ἄμυναν,
1214 491 1289 532 ubi
1314 504 1373 533 VS.
1408 492 1464 533 33
1494 504 1623 546 pseu-

219 562 345 617 doph.
382 588 437 591 —
471 563 562 604 εἴθε
595 562 641 604 δὲ
671 562 733 618 μὴ
767 564 949 619 χρήζοις
969 564 1054 605 κτλ.
1067 580 1082 614 ,·
1119 563 1194 605 ubi
1222 577 1279 605 vs.
1304 564 1360 605 32
1384 564 1622 619 pseudoph.

222 649 349 676 suuni
384 635 531 677 locum
564 639 711 678 tenet:
746 636 881 691 igitur
922 636 1040 678 hunc
1084 649 1260 678 versum
1293 649 1349 678 ex
1388 636 1538 690 Sibyll.
1574 636 1625 677 li-

223 708 297 749 bro
331 708 405 749 Π.Ο
437 711 661 763 sumptum
697 708 821 750 valde
855 709 1063 751 credibile
1098 713 1174 751 est.

347 783 556 837 Superest
588 796 648 823 vs.
686 782 795 823 1⁶29:

222 880 277 883 —
320 859 394 910 τῆς
437 855 486 896 δέ
526 854 820 896 θεοπνεύστου
854 854 1010 910 σοφίης
1051 854 1181 909 λόγος
1220 854 1329 897 ἐστὶν
1360 855 1532 910 ἄριστος
1566 880 1622 884 —

221 929 347 970 cuius
365 928 563 983 plerique
582 928 813 970 manifesta
830 928 1091 970 christianae
1110 928 1333 971 doctrinae
1352 929 1535 983 vestigia
1551 928 1624 970 de-

221 1000 505 1054 prehendisse
538 1000 753 1041 videntur.
777 999 976 1054 Bernays
997 1000 1273 1042 reiciendum
1293 1000 1400 1042 dicit
1421 1004 1470 1041 ut
1486 1001 1624 1041 intru-

221 1086 318 1115 sum
352 1087 376 1115 a
410 1072 654 1115 Christiano
688 1072 945 1128 Byzantino,
979 1073 1052 1116 cui
1085 1073 1261 1116 ethnica
1291 1077 1366 1116 τοῦ
1403 1072 1619 1129 «Λόγος»

218 1146 517 1200 interpretatio
565 1147 743 1187 minime
786 1146 1006 1187 arrideret.
1062 1146 1225 1187 Verum
1276 1147 1498 1188 enimvero
1552 1146 1624 1187 hic

226 1219 425 1274 «λόγος»
463 1233 552 1261 non
586 1233 687 1261 cum
718 1219 837 1274 λόγῳ
872 1219 962 1260 divi
989 1219 1197 1261 Iohannis
1228 1232 1322 1262 rem
1355 1219 1514 1262 habere
1547 1219 1624 1262 sed

220 1293 478 1348 simpliciter
502 1309 520 1330 «
537 1306 819 1334 sermonem»
848 1293 1099 1348 significare
1123 1294 1324 1346 videtur,
1349 1293 1621 1335 reiciendum

225 1370 372 1407 tamen
417 1379 518 1407 cum
560 1365 802 1419 Bernaysio
850 1379 951 1407 eum
995 1369 1112 1421 puto,
1156 1379 1258 1408 cum
1296 1380 1320 1408 a
1363 1366 1458 1408 loco
1492 1379 1623 1421 quem

224 1442 344 1481 tenet
388 1438 517 1494 plane
550 1438 720 1480 alienus
753 1439 818 1493 sit,
865 1443 908 1480 et
944 1439 992 1480 in
1025 1439 1146 1481 codd.
1180 1439 1432 1494 Mutinensi,
1465 1439 1624 1482 Baroc-

223 1513 348 1554 ciano
384 1516 426 1555 et
461 1527 546 1555 uno
581 1526 637 1555 ex
670 1513 808 1554 tribus
841 1513 1143 1555 Ambrosianis
1177 1513 1299 1556 desit.

344 1584 560 1639 Ceterum,
580 1598 845 1639 quamquam
863 1585 909 1625 in
926 1584 977 1626 N.
996 1585 1038 1626 Τ.
1061 1589 1181 1627 extat
1197 1585 1463 1640 adJectivum
1484 1602 1502 1623 «
1522 1586 1623 1628 θεό-

218 1674 427 1704 πνευστος
450 1676 467 1695 »
506 1657 561 1699 ad
598 1674 616 1694 «
640 1660 817 1712 γραφήν
840 1676 857 1696 >>
895 1659 1130 1713 pertinens,
1165 1662 1309 1700 tamen
1340 1659 1496 1713 jamin
1520 1659 1625 1700 Plu-

221 1730 360 1771 tarchi
386 1730 496 1772 Plac.
515 1730 676 1771 I'hilos.
695 1730 747 1784 V,
772 1731 797 1771 2
816 1731 1041 1772 invenitur
1066 1731 1391 1778 «θεόπνευστος
1413 1732 1581 1787 ὄνειρος
1597 1749 1615 1770 >>

220 1807 263 1843 et
283 1806 433 1857 postea
455 1802 570 1858 apud
593 1803 888 1857 Porphyrium
911 1803 1063 1857 adJect.
1103 1820 1120 1841 «
1136 1803 1365 1851 θεοπνόος.
1389 1821 1407 1842 >>
1445 1804 1621 1846 Praete-

217 1888 292 1917 rea
325 1875 515 1917 conferri
540 1879 683 1931 potest
706 1888 856 1917 versus
880 1889 981 1918 cum
1005 1877 1253 1931 Sapientiae
1275 1876 1398 1931 libro,
1422 1890 1512 1932 cap.
1523 1876 1621 1931 VII,

224 1950 293 1990 25.
329 1975 383 1978 ——
419 1950 564 2005 Ἀτμὶς
611 1950 693 2005 γάρ
737 1950 820 1991 ἐστι
869 1950 912 2006 (ἡ
946 1951 1094 2005 σοφία)
1138 1955 1212 2006 τῆς
1242 1955 1318 1993 τοῦ
1349 1951 1459 1993 ’θεοῦ
1494 1951 1621 1992 δυνά-

217 2041 385 2079 μεως...
420 2026 476 2065 22
506 2024 567 2066 Ἡ
593 2025 675 2079 γὰρ
707 2025 883 2067 πάντων
906 2030 1077 2080 τεχνῖτις
1098 2026 1268 2075 ἒὸίὸαξέ
1287 2042 1343 2081 με
1365 2027 1508 2081 σοφία·
1540 2027 1623 2068 ἔστι

219 2096 302 2151 γὰρ
335 2097 380 2138 ἕν
412 2097 520 2152 αὐτῇ
551 2101 722 2151 πνεῦμα
768 2096 944 2153 νοηρὸν,
978 2098 1100 2152 ἅγιον
1103 2131 1199 2140 ........
1238 2099 1326 2140 κτλ.
1362 2098 1484 2140 7-καὶ
1514 2097 1624 2153 ἦλθέ

218 2186 295 2224 μοι
326 2173 498 2224 πνεῦμα
532 2170 699 2225 σοφίας.

343 2242 502 2283 Contra
538 2243 717 2297 plurimi
750 2243 1045 2297 Phocylideae
1079 2257 1230 2286 versus
1264 2257 1287 2286 e
1319 2244 1369 2285 V.
1402 2244 1464 2285 T.⁰
1496 2238 1625 2299 origi-¹

219 2328 323 2358 nem
355 2329 479 2357 suam
512 2316 690 2359 ducunt.
717 2317 904 2359 Versum
938 2317 1123 2360 9-πάντα
1158 2318 1301 2360 δίκαια
1333 2319 1486 2374 νέμειν,
1509 2318 1623 2374 μηδὲ

219 2391 358 2443 κρίσιν
391 2390 434 2435 ἐς
460 2390 586 2445 χάριν
618 2391 714 2432 ἕλκε
736 2416 789 2420 -
817 2391 969 2432 confer
1001 2405 1102 2433 cum
1134 2391 1235 2433 Lev.
1257 2392 1382 2446 XIX,
1409 2393 1462 2432 15
1489 2417 1545 2421 —
1569 2393 1622 2433 οὗ

220 2464 417 2519 ποιήσετε
449 2463 603 2507 ἄδικον
635 2463 680 2507 ἓν
701 2464 849 2520 κρίσει,
874 2465 926 2507 οὗ
948 2464 1067 2522 λήψῃ
1089 2464 1334 2520 πρόσωπον
1354 2469 1545 2521 πτωχοῦ,
1569 2465 1622 2508 οὗ

220 2539 267 2580 δὲ
297 2539 359 2594 μὴ
399 2540 636 2595 θαυμάσῃς
675 2539 920 2595 πρόσωπον
964 2540 1176 2582 δυνάστου
1193 2556 1208 2591 ,·
1251 2542 1295 2581 et
1336 2553 1436 2582 cum
1479 2539 1617 2582 Exod.

217 2613 389 2668 XXIII,
426 2615 450 2655 6
486 2640 542 2643 -
584 2616 636 2657 οὒ
684 2599 951 2672 ὃιαστρέψεις
995 2618 1130 2673 κρίμα
1174 2618 1356 2674 πένητος
1397 2618 1443 2660 ἓν
1487 2618 1622 2674 κρίσει
