1844 3093
849 124 894 128 -,
922 102 968 138 18
996 124 1040 128 -

238 193 325 221 πον
357 177 581 220 δυνάστου.
606 203 662 207 -
696 178 743 219 in
764 177 891 220 Deut.
913 178 945 233 Ι,
972 179 1023 220 17
1051 178 1132 221 οὐκ
1158 177 1374 235 ἕπιγνώσῃ
1396 176 1640 234 πρόσωπον

235 250 281 293 ἓν
317 251 453 306 κρίσει
486 276 543 281 —-
567 250 619 293 οὗ
650 250 713 306 μὴ
746 251 971 306 ὗποστείλῃ
1004 250 1249 307 πρόσωπον
1291 251 1538 307 ἀνθρώπου
1557 266 1635 304 ——3

236 323 333 377 VII,
360 324 415 366 10
439 348 496 353 —-
518 323 628 366 κατὰ
649 322 892 379 πρόσωπον
919 323 1141 366 ἀποδώσει
1162 324 1307 371 αὐτοῖς
1334 349 1390 354 —
1411 339 1421 378 3
1443 322 1565 379 XVI,
1591 323 1645 365 19

238 422 295 426 —
320 396 423 438 οὐδὲ
443 396 736 451 ἐπιγνώσοντα
759 397 1013 452 πρόσωπον.
1038 396 1092 438 II.
1117 396 1273 438 Chron.
1296 396 1423 451 XIX,
1450 398 1473 438 7
1503 421 1559 426 —-
1583 396 1647 438 ὅτι

243 470 325 511 οὐκ
359 470 443 512 ἔστι
473 468 580 525 μετὰ
612 470 769 525 κυρίου
790 470 899 512 θεοῦ
931 470 1060 525 ἡμῶν
1092 469 1249 524 ἀδικία,
1283 469 1386 512 οῦδὲ
1416 469 1643 525 θαυμάσαι

244 542 501 599 πρόσωπον.

369 615 493 658 Idem
525 615 720 672 Scaliger
751 616 805 658 ad
839 629 1013 658 versum
1049 617 1134 659 140
1167 619 1401 672 provocat-z

366 689 536 746 Κτῆνος
567 692 651 746 κῆν
682 691 861 747 ἒχθροΐο
893 691 1002 747 πέσῃ
1035 690 1256 733 καθ’ὄὸὸν
1298 691 1527 746 συνέγειρε,
1571 691 1647 745 qui

249 766 395 805 tamen
429 763 660 805 manifeste
692 764 925 805 translatus
958 767 1024 806 est
1065 776 1122 805 ex
1153 763 1291 805 Exod.
1324 762 1496 818 XXIII,
1531 764 1555 803 5
1592 788 1647 792 ——

247 835 322 878 ἐὰν
356 835 402 878 δὲ
435 836 530 892 ἴὸῃς
560 835 609 879 τὸ
640 836 878 892 ὑποζύγιον
903 840 979 879 τοῦ
996 837 1161 893 ἐχθροῦ
1184 852 1264 879 σου
1294 834 1525 883 πεπτωκὸς
1556 835 1643 878 ὑπὸ

249 908 324 951 τὸν
358 909 499 964 γόμον
531 909 677 958 αὐτοῦ,
700 909 753 951 οὐ
774 910 1016 967 παρελεύσῃ
1040 908 1157 964 αὐτὸ,
1181 908 1286 952 ἀλλὰ
1309 912 1521 965 συναιρεῖς
1543 907 1647 952 αὐτὸ

241 983 329 1038 μετ’
365 983 514 1025 αὐτοῦ.
549 1009 606 1013 -

369 1056 521 1099 Brunk
555 1070 579 1099 c
612 1070 742 1100 versu
778 1058 831 1099 13
867 1060 1174 1113 argumentum
1206 1056 1390 1113 petebat,
1430 1069 1516 1112 quo
1539 1056 1644 1099 scri-

242 1133 410 1185 ptorem
443 1130 730 1173 christianum
773 1120 1099 1185 demonstraret,
1144 1143 1227 1172 nec
1270 1143 1375 1172 sane
1403 1129 1649 1172 inconsulte

241 1200 342 1244 cum
375 1215 477 1245 eum
509 1204 572 1245 Sic
606 1203 794 1259 legeret:
839 1203 1082 1259 παρθενίην
1123 1207 1276 1259 τηρεῖν,
1321 1202 1493 1258 ἀγάπην
1532 1202 1644 1245 δ’ἒπὶ

241 1278 345 1317 πᾶσι
372 1275 604 1330 φυλάσσειν
628 1302 684 1306 —
709 1276 769 1317 At
791 1275 988 1330 Bernays
1012 1277 1186 1331 egregie
1209 1275 1452 1331 παρθενίην
1473 1275 1521 1316 in
1537 1290 1648 1331 παρ-

242 1348 394 1404 θεσίην
422 1349 634 1391 mutavit:
669 1350 911 1404 incongrue
935 1362 1036 1391 vero
1060 1349 1246 1404 scriptor
1268 1348 1528 1404 virginitatis
1561 1361 1651 1390 me-

244 1421 454 1475 minisset,
489 1422 802 1464 mercatoribus
835 1426 1038 1477 pracepta
1071 1421 1256 1476 tradens,
1289 1434 1373 1463 nec
1410 1421 1651 1476 παρθενίην

252 1496 301 1534 ut
332 1493 601 1547 adjectivum
635 1494 687 1536 ad
721 1494 894 1550 ἀγάπην
922 1494 1089 1550 (πίστιν)
1118 1494 1316 1550 pertinet,
1338 1507 1440 1536 nam
1462 1506 1651 1549 sequens

255 1565 302 1608 δὲ
335 1566 485 1608 obstat.
520 1566 774 1609 Lectionem
808 1580 909 1609 vero
951 1567 1195 1623 παρθεσίην
1228 1566 1490 1609 confirmant
1520 1565 1652 1608 verba

250 1663 351 1706 Lev-
386 1664 437 1718 v,
473 1665 559 1707 21:
595 1672 776 1724 rum:
806 1646 946 1734 byn
983 1649 1186 1735 rib-9³2³
1225 1669 1497 1725 mor-mo
1525 1668 1655 1722 we:

249 1760 343 1812 net
372 1763 519 1834 ptem
544 1761 606 1813 is
633 1762 689 1813 π’
717 1763 870 1813 wm
899 1761 961 1813 nt
992 1760 1199 1845 mpii:
1227 1763 1438 1824 inm:
1472 1761 1645 1813 wrm

938 1887 1386 1896 .......
1449 1854 1639 1916 ῚΝῺὩ

243 1937 319 1979 ubi
339 1939 616 1993 septuaginta
631 1939 890 1994 interpretes
908 1951 1062 1981 vocem
1080 1964 1136 1969 —-
1156 1937 1319 2021 ῙῚἾΡΞ)
1343 1964 1399 1969 -
1418 1939 1465 1980 in
1484 1964 1540 1968 —
1563 1954 1647 1981 πα-

246 2025 425 2080 ραθήκη
451 2050 508 2054 ———
543 2027 720 2066 vertunt
746 2026 775 2079 l)
807 2039 832 2067 a
852 2024 973 2080 παρὰ
997 2028 1040 2066 et
1062 2050 1117 2054 ——
1141 2025 1203 2067 θα
1232 2024 1449 2082 (τι-θη-μι)
1475 2026 1549 2080 (-
1574 2024 1649 2066 das

241 2096 282 2139 N
284 2097 588 2154 iedergelegte‚
622 2098 774 2153 Pfand,
815 2099 891 2141 cfr.
925 2098 1053 2154 Pape,
1097 2098 1235 2141 Lexic
1249 2099 1275 2152 3)
1319 2098 1461 2141 idest·
1475 2098 1645 2154 deposi—

247 2174 341 2212 tum
362 2172 438 2226 (ita
459 2171 681 2225 significat
697 2170 872 2247 ῘΠΡΒ,
891 2185 916 2213 a
933 2172 1065 2214 verbo
1087 2170 1220 2247 '¹57ss,
1249 2188 1267 2209 «
1285 2172 1507 2227 aspexit»,
1530 2170 1648 2226 quod

239 2258 285 2299 in
308 2259 480 2313 conjug.
506 2284 561 2289 —
587 2251 778 2321 ῬὩΞΠ
811 2275 829 2296 <<
847 2258 1070 2313 significat
1091 2257 1303 2314 praefecit
1323 2258 1438 2324 alqm
1457 2258 1590 2300 alicui
1614 2275 1649 2312 >›‚

363 2420 388 2466 ¹)
414 2421 517 2468 ψυχὴ
544 2423 566 2468 ἣ
593 2422 636 2457 ἂν
661 2421 813 2468 ἁμάρτῃ,
840 2421 902 2457 καὶ
927 2420 1092 2467 παριδὼν
1115 2422 1249 2467 παρίδῃ
1277 2420 1337 2460 τὰς
1354 2419 1495 2460 ἐντολὰς
1516 2420 1656 2466 κυρίου,

235 2483 298 2518 καὶ
323 2483 499 2529 ψεύσηται
525 2482 567 2518 τὰ
591 2482 680 2529 πρὸς
705 2482 765 2518 τὸν
788 2482 938 2528 πλησίον
963 2481 1001 2518 ἐν
1025 2481 1226 2528 παραθήκῃ
1253 2481 1276 2527 ἢ
1301 2481 1382 2527 περὶ
1409 2481 1598 2521 κοινωνίας
1634 2480 1656 2526 ἢ

233 2544 314 2590 περὶ
340 2544 513 2591 ἁρπαγῆς,
539 2543 561 2590 ἢ
580 2543 736 2591 ἠδίκησέ
751 2559 781 2580 τι
799 2543 859 2580 τὸν
874 2543 1023 2590 πλησιόν
1041 2544 1142 2579 naal.
1160 2541 1228 2577 cfr.
1247 2542 1361 2578 etiam
1378 2540 1500 2577 Exod.
1519 2540 1656 2586 XXII,

234 2602 257 2639 8
287 2624 330 2628 ———
347 2605 635 2650 πεπονηρεῢσθαι
661 2604 718 2651 ἐφ’
746 2604 831 2651 ὅλης
857 2609 917 2651 τῆς
942 2603 1268 2650 παρακαταθήκης.
