1844 3093
840 150 882 154 -
909 127 956 163 25
985 151 1028 155 ..

226 206 440 261 Bernays)
473 205 723 248 hominibus
755 206 955 261 praebet3
991 220 1091 248 eum
1115 208 1265 248 contra
1285 203 1409 248 κοινὰ
1426 203 1628 259 μέλαθρα

230 280 384 335 δόμων
415 279 489 321 καὶ
521 279 672 334 πατρὶς
694 278 840 335 Ἅιδης
864 280 938 334 (vs.
961 279 1038 333 III,
1062 278 1137 321 cfr.
1162 278 1258 321 Gor.
1283 292 1347 334 op.
1372 279 1423 332 0.)

306 358 309 361 ’
348 353 444 395 Vss.
478 352 614 394 42-82
649 355 852 407 quattuor
873 352 1113 395 cardinales
1136 353 1329 406 virtutes,
1353 355 1403 394 ut
1422 353 1468 394 in
1488 352 1627 407 philo-

229 426 465 481 sophorum
497 425 656 468 scholis
686 428 1014 480 pertractantur.

348 498 515 540 Versus
550 499 629 539 53:
651 524 707 530 —
729 497 791 552 μὴ
821 502 987 552 γαυροῢ
1022 498 1150 553 σοφίῃ
1183 498 1276 552 μήτ’
1302 498 1413 553 ἀλκῇ
1452 498 1546 553 μήτ’
1570 498 1630 540 ἑνὶ

225 571 401 626 πλούτῳ
434 597 490 600 -
524 585 549 612 a
581 585 671 626 cap.
724 570 803 624 IX,
837 571 893 612 23
927 559 1086 613 Jerem.
1132 571 1344 625 originem
1377 570 1524 613 ducit:
1571 595 1627 601 ——

228 643 307 700 Μὴ
341 644 585 699 καυχάσθω
618 643 644 686 ὁ
676 642 815 699 σοφὸς
846 644 891 686 ἓν
921 648 972 699 τῇ
1003 644 1134 698 σοφίᾳ
1167 644 1311 691 αὐτοῦ,
1344 643 1418 685 καὶ
1438 643 1499 698 μὴ
1522 659 1628 686 καυ-

225 716 382 772 χάσθω
416 716 441 758 ὅ
471 716 677 763 πλούσιος
709 716 754 758 ἓν
784 720 847 770 τῷ
876 715 1052 770 πλούτῳ
1083 716 1227 769 αὐτοῦ,
1261 715 1391 771 ἀλλ’ἢ
1414 716 1459 758 ἓν
1490 717 1628 771 τούτῳ

225 787 472 843 καυχάσθῳ
504 787 529 830 ὁ
560 787 859 843 καυχώμενος,
894 791 1048 830 συνιεῖν
1078 787 1150 830 καὶ
1174 788 1436 842 γιγνώσκειν,
1458 787 1519 830 ὅτι
1540 788 1627 842 ε’γώ

225 861 308 915 εἶμι
339 860 491 914 κύριος
522 860 633 902 κ.τ.λ.
668 859 741 902 ubi
776 859 956 902 Crusius
989 860 1208 915 vulgatam
1234 860 1467 902 lectionem
1490 885 1546 889 —
1569 860 1629 902 ἐνὶ

225 934 400 989 πλούτῳ
424 960 479 964 —
503 934 704 987 restituit,
739 947 870 988 quam
902 934 948 975 in
980 933 1341 989 praecedentibus
1365 933 1628 976 editionibus

225 1009 271 1049 in
296 1033 351 1037 —
376 1007 443 1049 ἐπὶ
474 1007 647 1062 πλούτῳ
671 1033 726 1036 -
749 1010 958 1049 mutatam
982 1007 1270 1049 offendimus:
1294 1033 1351 1037 —
1384 1007 1448 1049 ἕνί
1466 1033 1521 1036 -
1551 1021 1627 1062 pro

225 1081 296 1123 ἕπί
322 1095 411 1122 non
443 1094 538 1123 raro
564 1081 616 1123 ab
639 1081 830 1136 antiquis
861 1082 999 1136 poetis
1027 1082 1205 1136 graecis,
1228 1080 1305 1123 sed
1327 1080 1628 1135 frequentissi—

225 1168 294 1196 me
327 1154 380 1195 ab
413 1154 708 1196 alexandrinis
741 1156 784 1196 et
815 1155 1028 1209 aegyptiis
1076 1157 1331 1209 usurpatum
1376 1168 1482 1195 usus
1526 1151 1627 1196 ve‘ro

225 1231 290 1270 est
321 1241 496 1283 prorsus
528 1228 751 1282 judaicus:
785 1227 875 1281 (cfr.
899 1227 1119 1270 Kritische
1151 1228 1275 1270 Brief
1306 1228 1416 1270 iiber
1447 1227 1518 1270 die
1549 1227 1628 1269 fal-

224 1301 359 1344 schen
403 1301 600 1357 Sibyllin.
634 1301 685 1343 K.
726 1301 924 1344 Bureseh
968 1302 1014 1343 in
1057 1302 1166 1343 Phil.
1205 1319 1223 1339 «
1406 1301 1510 1344 aber
1552 1301 1630 1343 der

225 1376 455 1418 Gebrauoh
487 1377 544 1417 ist
575 1376 817 1431 uberhaupt
848 1376 961 1418 allen
983 1376 1011 1419 J
1014 1376 1152 1428 uden3
1177 1376 1458 1431 gemeimsam
1482 1376 1563 1418 wie
1582 1389 1630 1418 er

225 1449 297 1490 ein
329 1448 615 1489 Hebrai'smus
644 1449 727 1502 (—
762 1448 827 1499 2)
850 1449 916 1489 ist.
941 1448 1062 1490 Aber
1084 1461 1131 1490 er
1150 1462 1240 1489 war
1261 1449 1373 1489 auch
1396 1448 1627 1503 allgemein

224 1521 575 1563 alexandrinisch
597 1521 688 1563 und
709 1521 851 1564 findet
872 1521 965 1563 sich
989 1521 1052 1563 oft
1072 1521 1141 1564 bei
1166 1521 1453 1577 agyptischen
1475 1521 1627 1563 althel-

222 1595 418 1637 lenische
450 1594 745 1650 Wendungen
777 1595 859 1637 wie
880 1609 887 1636 :
922 1595 968 1637 ἓν
996 1595 1246 1650 ὂφφαλμοῖς
1268 1594 1468 1649 ὁρᾶσθαι,
1491 1595 1536 1636 ἓν
1561 1594 1627 1636 δε-

224 1674 324 1724 σμῷ
341 1669 479 1724 δῆσαι,
503 1669 547 1711 ἕν
568 1669 755 1724 μολπαῖς
774 1670 921 1724 ὑμνεῖν
941 1669 1016 1711 cfr.
1037 1669 1186 1723 Sibyll.
1209 1670 1242 1723 I,
1270 1670 1371 1711 366:
1407 1696 1462 1699 —
1497 1668 1628 1711 δώσει

221 1745 436 1798 μυσαροῖς
457 1742 516 1784 ε’νὶ
536 1742 687 1797 χείλεσι
708 1742 846 1797 τούτῳ
869 1776 992 1784 ......
1016 1742 1136 1797 XIV,
1163 1743 1245 1784 183
1262 1776 1379 1784 ......
1403 1741 1511 1797 ἐπὴν
1542 1741 1625 1796 ἰδίῃ

222 1815 282 1858 ἒνὶ
312 1816 443 1871 μοίρῃ
466 1816 639 1871 βήσεται
671 1817 730 1859 εἶν
752 1815 903 1859 Ἄιδαο
927 1816 1090 1872 δόμοις.
1122 1842 1177 1846 —-
1201 1816 1274 1858 Vs.
1300 1816 1355 1857 54
1389 1828 1490 1858 vero
1515 1829 1539 1857 a
1562 1814 1627 1858 Si-

222 1889 325 1931 rach
358 1889 390 1944 I,
424 1890 474 1931 8:
501 1915 556 1918 —
579 1888 663 1937 Εἷς
694 1889 777 1932 ἔστι
808 1888 946 1945 σοφὸς
967 1889 1159 1945 φοβερὸς
1188 1889 1373 1945 σφόδρα.
1397 1888 1493 1930 Vss.
1518 1888 1625 1930 57-8

223 1961 298 2003 cfr.
344 1975 444 2003 011111
487 1962 612 2003 PrOV.
655 1961 826 2016 XXIX,
860 1962 916 2004 22
962 1988 1017 1992 —
1060 1961 1186 2017 Ἀνὴρ
1228 1961 1448 2017 θυμώδης
1479 1961 1626 2015 ἐγείρει

224 2038 376 2083 νεῖκος,
410 2034 521 2090 ἀνὴρ
555 2034 601 2077 δὲ
633 2035 802 2089 ὀργίλος
834 2035 1050 2090 ἐξώρυξεν
1081 2035 1292 2090 ἁμαρτίαν
1336 2061 1404 2089 —,
1450 2037 1493 2077 et
1526 2047 1627 2076 Cum

223 2107 384 2151 Siraeh.
431 2108 644 2163 XXVIII,
680 2110 733 2150 13
760 2124 767 2150 :
805 2135 860 2138 —
896 2108 1014 2163 ’Ἐρις
1045 2108 1433 2163 κατασπευδαμένη
1467 2108 1627 2150 ἐκκαίει

220 2185 321 2236 πῦρ,
343 2182 418 2224 καὶ
438 2182 556 2238 μάχη
579 2182 965 2237 κατασπευδαμένη
995 2182 1130 2237 ἕκχέει
1152 2182 1270 2237 αἷμα.
1295 2208 1351 2212 —
1375 2182 1471 2224 VSS.
1492 2181 1621 2224 60-2:

315 2279 370 2283 —
406 2254 487 2296 οὐκ
521 2253 692 2309 ἀγαθὸν
722 2254 962 2304 πλεονάζον
996 2256 1078 2310 ἔφυ
1111 2255 1329 2311 θνητοῖσιν
1362 2255 1519 2310 ὄνειαρ·

403 2328 429 2383 ἡ
463 2328 599 2383 πολλὴ
634 2328 681 2370 δὲ
712 2327 852 2383 τρυφὴ
885 2327 999 2383 πρὸς
1031 2328 1245 2384 ἀμέτρους
1276 2328 1399 2371 ἕλκετ’
1435 2330 1611 2384 ἔρωτας.

403 2401 595 2456 ὗψαυχεῖ
613 2401 650 2444 δ’
671 2401 696 2444 ὁ
716 2400 851 2449 πολὺς
871 2402 1057 2449 πλοῦτος
1077 2402 1152 2444 καὶ
1173 2403 1217 2450 ἒς
1236 2403 1362 2458 ὕβριν
1384 2403 1506 2452 ἀέξει.
1531 2429 1587 2432 ——

221 2474 297 2516 cfr.
332 2488 433 2516 oum
465 2475 589 2516 Prov.
623 2475 725 2529 XX,
758 2477 779 2516 1
807 2501 862 2505 —
887 2475 1127 2518 ἀκόλαστον
1150 2476 1268 2523 οἶνος
1289 2477 1363 2519 καὶ
1383 2475 1629 2531 ὑβριστικὸν

221 2547 352 2603 μέθη,
367 2551 453 2595 πᾶς
470 2547 517 2590 δὲ
534 2548 693 2604 ἄφρων
708 2548 915 2596 τοιούτοις
948 2549 1235 2604 συμπλέκεται
1258 2567 1343 2601 ——‚·
1364 2553 1407 2591 et
1428 2548 1552 2603 XIX,
1572 2549 1627 2591 32

223 2646 278 2649 —
301 2620 362 2675 μὴ
396 2621 632 2676 εὐφραίνου
650 2621 718 2663 ἐπὶ
733 2621 873 2676 πολλῇ
884 2626 1028 2678 τρυφῇ
1059 2623 1186 2673 κ.τ.λ,·
1204 2626 1247 2665 et
1264 2622 1425 2666 Sirach.
1451 2622 1576 2676 XIX,
1600 2623 1625 2664 2
