1844 3093
212 203 348 244 οἰκῶν
380 202 655 257 εὐδαιμονίας
677 220 694 240 >>
733 216 823 258 cap.
857 203 923 245 ΙΙΙ
962 203 1268 246 'Kallicratidae
1309 203 1520 246 Laconis:
1561 229 1618 234 ——

212 275 256 315 Γ
251 275 488 330 αγησέοντα
514 275 561 317 δὲ
584 275 651 317 δεῖ
668 275 804 330 γαμὲν
835 276 932 317 ποτὶ
964 276 1040 318 τὰν
1072 277 1193 331 αὐτῷ
1225 277 1369 332 τύχαν,
1407 277 1474 318 ἵνα
1512 277 1618 332 μήτε

211 348 321 404 ὑπὲρ
359 348 435 390 τάν
468 349 663 403 δύναμιν,
695 349 801 404 μήτε
832 349 998 405 μῄοντα
1029 353 1103 397 τᾶς
1136 350 1345 406 δυνάμιος
1375 349 1449 393 τὸν
1478 350 1620 406 γάμον

215 423 432 479 ἔπάγηται,
456 422 559 464 ἀλλὰ
583 423 678 465 ποτὶ
699 423 830 477 λόγον
858 426 932 470 τᾶς
961 424 1070 471 ἰδίας
1102 424 1319 480 δυνάμιος.
1354 425 1396 467 οἱ
1425 424 1505 479 μὲν
1538 424 1619 480 γὰρ

211 497 321 551 ὑπὲρ
344 495 419 538 τὰν
443 496 626 551 δύναμιν
648 496 877 551 ἐπάγοντες
898 497 1160 547 στασιάζοντι
1183 497 1252 540 διὰ
1274 497 1349 540 τὰν
1370 497 1615 552 ἁγεμονίαν.

213 571 239 611 ἆ
261 570 342 625 μὲν
366 569 447 625 γὰρ
469 574 532 625 τῷ
553 569 728 624 πλούτῳ
751 570 825 612 καὶ
845 575 908 625 τῷ
925 571 1032 625 γένει
1049 571 1404 626 καθυπερέχοισα
1421 570 1620 626 τ’ᾶνδρός

213 645 358 698 ἄρχειν
390 648 668 699 προαιρεῖται)
701 644 725 685 ὁ
759 643 806 685 δὲ
838 644 1015 692 ἀνάξιον
1049 644 1206 698 ἁγεῖται
1239 644 1313 686 καὶ
1346 644 1466 699 παρὰ
1489 644 1619 699 φύσιν

211 717 520 771 συγχωρέν.-,
555 729 641 770 quo
675 716 829 758 eadem
862 729 912 758 ac
943 717 989 757 in
1022 716 1267 772 Pseudoph.
1298 721 1395 772 (vss.
1421 716 1617 759 199-200

212 790 366 843 203-4)
398 790 614 831 sententia
654 788 908 844 explicatur.
943 788 1104 831 Confer
1145 792 1368 844 praeterea
1408 789 1513 844 frat„
1560 815 1616 819 —

210 862 494 918 Περικτιόνης
515 867 588 918 τῆς
609 862 908 918 πυθαγορείας
943 863 990 905 ἔκ
1021 866 1097 905 τοῦ
1132 889 1187 893 —
1222 862 1335 918 Περὶ
1370 864 1527 919 σοφίας
1559 889 1614 893 —

191 949 293 978 ⁴nec
325 950 414 977 non
448 961 503 965 -
537 935 649 990 Περὶ
672 935 876 990 γυναικὸς
898 936 1119 991 ἁρμονίας.
1145 962 1200 966 —
1224 936 1324 978 Pari
1348 939 1492 978 autem
1522 950 1618 991 pro-

212 1022 350 1063 cessu⁷
385 1022 470 1063 quo
495 1009 623 1051 etiam
647 1008 1091 1063 Pseudophocylides‚
1115 1008 1289 1051 Okellos
1310 1009 1515 1051 Lucanus
1538 1023 1617 1051 suo

209 1083 424 1136 tractatui,
449 1095 594 1123 rerum
623 1085 778 1122 natura
810 1085 853 1123 et
886 1082 1111 1123 harmonia
1143 1095 1346 1137 expensa,
1376 1082 1515 1124 finem
1537 1083 1617 1123 im-

212 1157 344 1211 ponit⁷
387 1158 619 1211 praecepta
651 1154 825 1197 tradens
858 1155 911 1196 ad
945 1155 1219 1210 coniugalem
1251 1156 1385 1197 Vitam
1418 1159 1618 1212 spectan-

210 1230 290 1275 tia;
327 1243 457 1283 quam
490 1230 624 1284 igitur
656 1228 916 1271 affinitatem
950 1232 993 1271 et
1023 1229 1295 1271 locutionum
1339 1229 1529 1271 brevitas
1575 1233 1618 1272 et

209 1305 541 1356 praeceptorum
574 1302 845 1342 concinnitas
877 1314 959 1343 nec
992 1315 1080 1343 non
1112 1301 1281 1356 figurae
1316 1302 1525 1356 quaedam
1572 1305 1614 1343 et

210 1374 554 1428 comparationes
587 1373 818 1415 traditione
852 1377 1054 1428 acceptae
1097 1374 1303 1415 indicant.
1346 1373 1447 1415 Non
1491 1375 1617 1415 aliter

210 1460 339 1500 quam
373 1445 810 1500 Pseudophocylidea
843 1459 993 1487 eorum
1026 1449 1232 1488 tractatus
1265 1446 1318 1488 de
1347 1446 1540 1488 moribus
1574 1450 1617 1488 et

207 1519 255 1560 τὰ
280 1545 336 1548 -——
359 1518 518 1573 Χρυσᾶ
534 1520 614 1574 ἔπη
635 1544 691 1548 —
710 1532 733 1560 a
750 1518 1065 1561 rhetoricorum
1081 1519 1183 1561 fuco
1202 1519 1445 1573 abhorrent,
1469 1523 1611 1574 atque,

209 1596 256 1633 ut
301 1593 361 1633 ita
404 1591 558 1646 dicam,
601 1617 656 1620 —
694 1591 918 1647 ἐγχειρίδια
954 1618 1009 1621 —
1044 1596 1147 1634 sunt
1184 1593 1287 1634 novi
1331 1592 1441 1635 nihil
1474 1592 1616 1647 profe-

206 1667 356 1720 rentia,
390 1666 444 1707 ad
479 1667 590 1707 vitae
623 1669 768 1707 tamen
806 1666 1087 1707 necessitates
1132 1680 1263 1720 quam
1309 1667 1498 1708 maxime
1544 1680 1614 1708 ac-

208 1739 490 1780 commodata.
524 1738 719 1789 Quorum
752 1742 961 1792 auctores,
997 1743 1045 1780 ut
1077 1740 1136 1781 ait
1164 1739 1332 1782 Croiset
1352 1739 1479 1795 (Hist.
1504 1739 1612 1781 Lett.

211 1812 301 1853 Vol.
336 1812 386 1853 V.
419 1825 513 1866 pag.
547 1812 670 1865 410):
707 1836 763 1841 —
798 1811 1035 1866 Croyaient
1056 1816 1284 1855 retrouver
1318 1847 1613 1856 ..........

204 1885 245 1927 le
279 1884 423 1927 debris
457 1885 532 1927 des
557 1884 724 1927 vieilles
748 1884 966 1927 doctrines
988 1886 1404 1941 pythagoriciennes
1427 1889 1470 1928 et
1493 1886 1614 1928 n'he-

206 1958 381 1998 sitaient
412 1970 488 2012 pas
521 1960 546 1998 a
577 1957 640 1998 les
672 1957 829 1998 rendre
874 1960 898 1998 a
938 1957 1057 1999 leurs
1102 1958 1331 2000 veritables
1374 1962 1550 2000 auteurs
1573 1975 1607 2000 ».

206 2029 637 2085 Pseudophocylides
660 2042 762 2071 vero
786 2029 1005 2085 explicare
1028 2030 1204 2072 simulat
1221 2043 1332 2085 quae
1350 2043 1479 2073 verus
1498 2031 1611 2072 Pho-

205 2103 372 2157 cylides
416 2103 672 2157 tradidisset,
701 2104 729 2156 1)
773 2106 815 2145 et
859 2103 962 2145 dum
1001 2103 1371 2159 Neopythagorici
1415 2104 1612 2147 doricum

205 2188 450 2218 sermonem
482 2176 745 2232 praeferunt,
779 2176 947 2231 antiqui
980 2176 1254 2232 Pythagorae
1276 2178 1511 2233 proprium,
1537 2177 1612 2219 ille

204 2249 348 2302 jonico
381 2249 553 2304 gaudet,
587 2263 672 2303 quo
708 2253 749 2291 et
781 2250 987 2304 antiquus
1021 2250 1219 2292 Milesius
1251 2264 1357 2292 usus
1389 2251 1543 2293 fuerat.

327 2322 558 2364 Praeterea
590 2335 644 2364 ne
677 2335 756 2364 nos
788 2322 929 2378 fugiat
956 2323 1108 2365 eodem
1129 2326 1322 2379 tempore
1344 2323 1609 2366 Iudaeorum

205 2401 344 2439 sectas
378 2398 507 2437 variis
539 2397 766 2451 principiis
799 2397 913 2438 iuter
945 2410 990 2438 se
1025 2397 1303 2452 discrepasse.
1338 2397 1513 2439 Flavius
1545 2398 1613 2438 Io-

324 2556 349 2600 1)
376 2555 502 2590 Etiam
529 2559 662 2591 auctor
687 2555 773 2591 libri
793 2555 1008 2602 Sapientiae
1028 2555 1175 2591 Sirachi
1190 2555 1262 2591 sub
1281 2556 1372 2591 ficto
1392 2555 1605 2592 Salomonis

213 2617 363 2652 nomine
390 2616 539 2662 regibus
567 2620 765 2664 praecepta
798 2615 965 2653 tradidit.
