1844 3093
224 228 459 270 Isocratem
489 225 619 281 (Orat.
652 225 707 267 ad
737 224 877 279 Dem.)
913 224 1036 272 «τοὺς
1056 224 1136 280 μὲν
1168 224 1300 271 θεοὺς
1332 226 1490 280 φοβοῦ,
1520 224 1621 272 τούς

226 300 274 342 δε
306 302 442 354 γονεῖς
473 299 583 352 τίμα.
617 322 673 327 —
706 298 892 352 Reperio
935 298 981 337 in
1013 297 1197 338 Hesiodi
1229 298 1482 352 Theogonia
1521 299 1621 349 (vss.

226 373 313 415 226
347 372 510 427 seqq.):

377 444 523 498 Αὐτὰρ
547 443 665 497 ’Ἐρις
696 443 876 498 στυγερὴ
909 444 1004 485 τέκε
1034 443 1114 498 μὲν
1147 477 1469 485 ............

372 515 536 569 “”Ορκον
567 516 646 557 θ’ἶί
676 515 729 570 δὴ
761 515 955 557 πλεῖστον
987 515 1261 570 ἐπιχθονίους
1294 516 1562 570 ἀνθρώπους

378 588 583 642 πεμαίνει,
617 587 686 629 ὅτε
716 588 792 630 κέν
823 604 882 634 τις
913 587 1030 629 ἑκὼν
1061 588 1266 642 ἐπίορκον
1299 588 1466 643 ὀμόσσῃ
1503 613 1559 618 —

225 674 336 715 quae
370 661 530 716 optimo
563 661 658 702 iure
693 660 959 702 conferenda
980 663 1082 702 sunt
1105 674 1206 702 cum
1240 674 1319 702 vss.
1358 661 1458 702 16-7
1485 661 1621 703 Pseu-

224 733 349 789 doph.
382 734 497 775 inter
527 733 691 789 Peripli
732 732 883 789 fragm.
928 735 1119 775 incertae
1163 732 1278 775 sedis
1320 733 1435 788 apud
1468 733 1621 775 Eusta-

224 806 366 848 thium
396 807 449 861 (p.
487 807 554 860 13,
578 807 616 861 8,
641 807 667 848 8
691 806 791 849 edit.
819 805 978 860 Didot),
1011 807 1187 849 invenio
1208 821 1215 848 :

402 880 677 936 ’Υπερβασία
700 879 752 936 ἧς
811 879 911 934 παρ’
941 879 1133 935 Ἡσιόδῳ
1164 884 1314 936 χρῆσις
1345 881 1390 922 ἒν
1420 885 1493 935 τῷ

777 953 1033 1008 ὑπερβασίαι
1065 953 1320 1008 δ”ἀλεγειναί

227 1040 357 1081 quam
390 1026 656 1082 locutionem
688 1025 803 1080 apud
836 1025 1080 1081 Pseudoph.
1116 1026 1262 1068 videre
1296 1029 1361 1068 est
1393 1039 1453 1067 vs.
1488 1027 1572 1068 36:

418 1099 593 1142 πάντων
622 1099 782 1155 μέτρον
813 1099 996 1155 ἄριστον,
1029 1099 1285 1154 ὑπερβασίαι
1318 1099 1425 1141 δ’ἀλ.

225 1172 367 1223 Quare
411 1173 609 1227 suspicor
650 1185 826 1214 versum
864 1174 1084 1228 integrum
1126 1172 1309 1214 Hesiodi
1341 1172 1489 1214 fuisse.
1526 1172 1620 1214 Vss.
1640 1218 1650 1229 ,

226 1245 295 1300 26,
330 1245 384 1287 27
420 1244 565 1301 Bergk
598 1245 767 1287 confert
799 1259 900 1288 cum
933 1259 1021 1301 cap.
1057 1245 1112 1287 29
1147 1245 1276 1288 Isocr.
1320 1245 1374 1287 ad
1412 1245 1618 1288 Demon.:

227 1318 399 1373 Μηδενὶ
432 1318 665 1374 συμφορὰν
708 1319 925 1374 ὂνειδίσῃς,
959 1319 1082 1374 κοινὴ
1123 1320 1204 1374 γὰρ
1241 1320 1274 1374 ἡ
1318 1320 1420 1374 τύχη
1465 1319 1538 1360 καὶ
1578 1319 1622 1360 τὸ

229 1391 385 1447 μέλλον
417 1391 636 1447 ἀόρατον-,
671 1395 714 1435 et
746 1406 847 1435 cum
868 1392 1065 1451 Philonis
1086 1392 1237 1448 fragm.
1270 1393 1312 1434 Τ.
1335 1392 1409 1446 VI,
1444 1393 1528 1435 207
1556 1392 1620 1435 ed.

228 1464 371 1519 Lips.:
415 1464 587 1520 Μηδενὶ
619 1465 853 1520 συμφορὰν
884 1466 1253 1521 ὀνειδίσῃςκοινὴ
1300 1466 1381 1521 γὰρ
1424 1467 1450 1521 ἡ
1493 1466 1621 1521 φύσις

223 1538 297 1580 καὶ
327 1538 376 1580 τὰ
409 1538 580 1581 ἐπιόντα
612 1539 763 1595 ἄδηλα·
795 1540 963 1595 μήποτε
983 1544 1069 1587 τοῖς
1098 1540 1241 1587 αὐτοῖς
1272 1539 1402 1587 ἁλοὺς
1433 1540 1618 1582 αὐτοκα-

222 1612 418 1667 τάκριτος
449 1612 494 1654 ἓν
525 1617 588 1667 τῷ
619 1612 831 1655 συνειδότε
863 1614 1058 1668 εὑρεθῇς.
1093 1639 1149 1643 -—
1183 1613 1312 1656 Unde
1346 1626 1434 1655 non
1467 1614 1619 1655 incon-

220 1684 332 1727 sulte
364 1688 463 1741 post
483 1698 661 1728 versum
693 1686 750 1728 26
784 1686 919 1728 alium
941 1685 1215 1729 intercidisse
1249 1687 1505 1742 suspicatur,
1532 1699 1617 1741 quo

221 1758 405 1812 scriptor
436 1761 618 1813 caverat,
650 1772 706 1801 ne
740 1759 837 1813 quis
870 1759 990 1801 alteri
1026 1758 1250 1800 adversam
1282 1759 1503 1800 fortunam
1546 1772 1620 1813 op-

220 1830 393 1891 probrio
426 1830 646 1873 tribueret.
688 1830 781 1873 Vss.
823 1832 892 1885 43,
935 1831 993 1872 44
1036 1831 1082 1872 in
1126 1831 1379 1873 memoriam
1412 1834 1620 1873 revocant

220 1915 302 1943 vss.
350 1903 485 1945 19-24
526 1902 727 1958 Συμπόσ.
770 1904 951 1959 ῆμίαμβ.
998 1903 1429 1945 Pseudo-Anacrent.
1475 1917 1516 1945 n.
1562 1904 1618 1944 56

219 1974 301 2028 (ed.
335 1975 491 2028 Crusii)
530 1975 644 2023 «Εἰς
673 1975 837 2031 χρυσὸν
868 1979 942 2018 τοῦ
976 1976 1107 2018 αὐτοῦ
1139 1975 1240 2018 ἄλλο
1264 1990 1299 2017 >>;

536 2049 717 2104 Ἅπιστε,
751 2050 895 2092 ἄπιστε
925 2050 1059 2105 χρυσέ

541 2124 683 2178 μάταν
716 2123 858 2170 δόλοις
887 2140 943 2178 με
974 2123 1149 2178 θέλγεις.

547 2231 1285 2240 ...........

545 2344 597 2388 σὺ
630 2344 712 2400 γὰρ
746 2344 889 2387 δόλων
924 2345 976 2387 σύ
1009 2360 1071 2386 τοι
1103 2345 1293 2400 φθόνων

544 2419 663 2474 ἔρωτ’
698 2420 866 2476 ἔθηκας
897 2418 1114 2474 ἀνδράσιν.

220 2563 386 2607 Versus
418 2566 475 2607 49
499 2579 507 2607 :

296 2636 400 2692 μηδ’
433 2637 497 2684 ὡς
526 2637 776 2693 πετροφυὴς
806 2637 1031 2685 πολύπους
1061 2637 1170 2680 κατὰ
1202 2641 1354 2693 χῶρον
1385 2638 1567 2694 ἀμείβου
