1844 3093
845 148 889 152 -
917 126 964 162 22
993 149 1036 153 -

356 202 518 244 Confer
550 217 587 244 v,
625 203 679 243 19
715 203 842 244 etiam
879 216 980 245 cum
1013 203 1175 245 Sirach.
1198 203 1273 258 IV,
1298 205 1374 245 2-4
1398 204 1641 261 -Ἶκήτην

232 275 496 331 θλιβομένον
517 274 579 331 μὴ
603 275 858 325 ἀπαναίνου,
881 275 955 319 καὶ
975 274 1037 332 μὴ
1061 276 1340 334 ἀποστρέψῃς
1362 276 1482 321 δόσιν
1504 294 1639 334 προσ·
1669 289 1672 292 ’

232 350 443 405 δεομένου
478 383 599 391 ......
634 351 661 390 4
696 376 751 379 —
785 350 933 405 ψυχὴν
977 354 1195 393 πεινῶσαν
1236 351 1298 406 μὴ
1331 351 1525 407 λυπήσῃς
1555 353 1641 395 κτλ.

230 424 419 467 Versum
439 424 496 466 20
521 424 594 466 alii
618 424 701 466 alio
725 423 853 466 modo
875 424 1147 480 interpretati
1169 428 1282 479 sunt,
1304 439 1381 481 pro
1403 425 1642 468 lectionum

232 497 505 539 diversitate:
531 523 588 527 —
613 498 785 553 γλώσσῃ
818 498 929 552 βοῦν
951 498 1113 553 ἐχέμεν,
1147 515 1187 540 κ.
1220 498 1255 540 λ.
1288 498 1319 540 ἕ.
1352 515 1399 553 φ,
1432 500 1455 540 ἴ.
1481 524 1537 528 -

355 571 519 612 Verum
554 583 709 625 graece
742 571 1024 626 proverbium
1056 572 1119 614 sic
1150 572 1287 626 jacet:
1313 598 1369 601 —
1391 573 1501 626 ἔχειν
1532 572 1642 626 βοῦν

230 642 298 684 ἐπὶ
316 642 503 697 γλώττης
524 643 563 696 1).
591 668 645 672 -
662 642 722 684 At
743 642 941 696 Bernays
963 642 1142 685 alteram
1159 656 1311 686 versus
1329 646 1494 699 partem
1512 657 1641 699 quam

231 719 408 760 inanem
441 718 605 772 primae
639 718 913 759 iterationem
953 718 1181 772 reputavit,
1222 718 1347 760 ahter
1388 718 1639 773 proposuit:

233 803 414 846 nempe:
441 816 497 819 -—
520 789 728 844 κρύπτων
754 789 885 844 λόγον
917 790 962 832 ἐν
994 790 1147 845 φρεσὶν
1178 791 1271 846 ἴψῃ,
1304 803 1355 832 ac
1387 790 1423 831 Si
1456 789 1641 832 Levitici

233 865 453 920 praecepti
487 864 613 917 XIX,
650 865 702 906 17
738 864 1019 918 παράφρασις
1042 867 1174 906 esset:
1200 890 1256 894 -—
1281 865 1333 906 οὐ
1352 864 1542 919 μισείσῃς
1571 863 1644 906 τὸν

234 937 425 992 ἀδελφόν
459 953 539 980 σου
571 941 621 992 τῇ
655 936 822 992 διανοίᾳ
845 950 936 979 σου·
970 936 1139 992 ἔλεγμῷ
1170 937 1349 991 ἔλέγξεις
1369 935 1443 979 τὸν
1463 936 1644 993 πλησίον

232 1028 325 1060 σου,
357 1011 435 1053 παὶ
468 1011 521 1053 οὗ
552 1011 671 1066 λήψῃ
705 1010 754 1053 δι’
789 1009 920 1052 αὐτὸν
949 1010 1171 1064 ἁμαρτίαν.
1196 1037 1252 1040 -
1275 1010 1415 1061 Quam
1439 1010 1641 1053 emenda-

235 1085 401 1126 tionem
424 1084 555 1125 nimis
573 1083 848 1126 temerariam
870 1082 1102 1125 arbitratus
1124 1082 1280 1139 Bergk,
1302 1096 1395 1126 rem
1421 1086 1518 1139 apte
1542 1096 1643 1125 con-

231 1158 367 1199 ficere
401 1156 581 1210 studuit,
615 1159 778 1211 puncto
812 1159 909 1210 post
942 1181 998 1185 —
1022 1155 1216 1210 κρυπτάν
1239 1181 1295 1186 —
1328 1156 1479 1210 posito,
1513 1158 1643 1209 atque

234 1229 281 1272 τὸ
309 1246 326 1267 <<
355 1233 459 1276 νοῦς
485 1246 504 1267 >>
531 1242 608 1284 pro
636 1245 654 1266 «
679 1228 940 1283 cogitatione
962 1245 981 1266 »
1008 1241 1096 1270 non
1120 1241 1223 1270 vero
1245 1241 1322 1283 pro
1346 1245 1364 1265 «
1387 1228 1599 1283 sapientia
1620 1245 1639 1266 »

234 1306 412 1358 accepto
439 1304 490 1355 2);
537 1302 612 1344 cfr.
654 1302 792 1356 Teog:
828 1315 864 1343 V.
901 1302 954 1343 91
988 1328 1043 1331 —
1079 1303 1126 1349 ὃς
1159 1302 1208 1344 δέ
1237 1306 1315 1357 μιῇ
1354 1301 1526 1357 γλώσσῃ
1564 1301 1641 1356 διχ’

234 1377 318 1431 ἔχει
350 1375 466 1418 νόον.
490 1401 542 1405 -

354 1447 572 1500 Quocirca
619 1460 774 1489 sensus
820 1447 907 1490 huc
951 1451 1139 1490 verteret
1162 1462 1170 1490 z
1225 1465 1243 1486 «
1281 1447 1474 1490 Mentem
1525 1451 1644 1490 tuam

232 1523 418 1577 loquens
440 1521 681 1574 absconde;
707 1521 852 1563 animo
874 1522 1252 1564 ratiocinationem
1274 1525 1394 1563 tuam
1412 1522 1597 1564 contine.
1621 1539 1639 1560 »

232 1596 515 1638 Tutissimum
563 1598 707 1636 tamen
754 1594 866 1636 duco
905 1594 1139 1637 lectionem
1183 1595 1402 1650 vulgatam
1444 1595 1643 1649 retinere,

235 1682 365 1723 quam
390 1672 585 1710 ceterum
609 1668 738 1709 etiam
761 1667 808 1708 in
830 1666 972 1708 Crusii
997 1667 1424 1711 editione,servatam
1445 1667 1641 1718 inveni03

234 1755 336 1784 cum
368 1742 549 1795 insuper
581 1753 733 1781 versus
766 1741 823 1782 20
858 1753 881 1781 e
915 1754 1005 1795 cap.
1043 1740 1167 1793 XXI,
1193 1741 1249 1781 25
1274 1740 1425 1782 Sirach
1458 1740 1645 1781 derivari

234 1814 459 1857 videatur:
486 1839 542 1842 —
566 1812 680 1868 χείλη
730 1812 965 1867 ἀλλοτρίων
1016 1812 1062 1855 ἓν
1108 1812 1272 1860 τούτοις
1312 1812 1643 1868 βαρυνθήσεται,

233 1888 354 1942 λόγοι
388 1887 435 1929 δὲ
466 1886 699 1941 φρονίμων
730 1886 775 1927 ἐν
808 1886 929 1939 ζυγῷ
961 1886 1259 1940 σταθήσονται·
1282 1886 1328 1927 ἒν
1355 1885 1529 1940 στόματι
1549 1901 1644 1940 μω-

235 1963 328 2014 ρῶν
361 1959 387 2014 ἢ
420 1957 580 2013 καρδία
615 1957 771 2010 αὐτῶν,
804 1956 964 2011 καρδία
990 1957 1037 1999 δὲ
1059 1960 1214 2012 σοφῶν
1236 1955 1372 2012 στόμα
1396 1957 1540 1999 αὐτῶν
1564 1972 1643 2007 -;

236 2038 367 2088 atque
402 2032 485 2074 hoc
507 2032 782 2087 significare:
808 2057 864 2061 —
888 2031 940 2072 In
964 2030 1149 2073 dicendo
1173 2031 1333 2087 pariter
1366 2035 1409 2073 et
1429 2031 1475 2072 in
1498 2034 1645 2072 tacen-

237 2106 291 2147 do
333 2105 566 2161 prudentia
609 2104 833 2146 utendum.
857 2129 913 2133 -
944 2103 1147 2146 Ceterum
1185 2117 1265 2145 vss.
1303 2104 1408 2157 2051
1449 2102 1646 2157 Bernays

237 2179 445 2222 delendos
477 2191 571 2220 esse
601 2180 761 2231 censet,
792 2183 841 2219 ut
862 2177 914 2219 ab
935 2177 1031 2219 loco
1052 2176 1240 2229 alienos,
1266 2176 1384 2231 quod
1417 2176 1648 2218 confirmat

356 2390 382 2429 ¹)
408 2388 574 2435 Theogn.
596 2389 645 2435 (v.
666 2388 739 2424 815
758 2386 876 2423 Anth.
897 2386 1040 2432 Crus.):

356 2473 399 2476 —
418 2453 514 2491 Βοῦς
531 2465 592 2497 μοι
609 2451 665 2486 ἐπὶ
683 2450 840 2497 γλώττης
854 2454 1019 2495 κρατερῷ
1031 2448 1115 2484 ποδὶ
1127 2448 1194 2491 λὰξ
1211 2448 1403 2494 ἐπιβαίνων
1420 2448 1508 2493 ἴσχει
1525 2447 1653 2483 κωτίλ-

230 2515 303 2549 λειν
329 2515 459 2558 καίπερ
485 2512 725 2557 ἐπιστάμενον.
745 2532 789 2535 -

355 2574 382 2619 “·’)
410 2574 537 2617 Quam
570 2572 769 2608 lectionem
804 2569 965 2616 Ludwig
998 2569 1258 2616 comprobavit
1294 2569 1505 2615 (Lectiones
1537 2568 1652 2603 Pseu-

230 2634 394 2682 dophoc.
425 2633 595 2680 Regiom.
625 2631 747 2677 1892).
