1844 3093
819 127 862 131 -
889 106 934 141 37
963 127 1007 131 -

215 197 265 227 eo
299 183 426 238 quod,
461 183 535 237 qui
580 194 653 224 eos
696 181 949 236 composuit,
994 184 1170 223 secutus
1212 182 1268 223 sit
1309 181 1606 236 pervulgatam

216 259 479 300 Graecorum
513 256 763 312 opinionem
796 268 963 311 coerS,
986 268 1087 297 cum
1116 255 1226 297 cinis
1248 255 1337 309 fiat,
1361 255 1413 297 ad
1438 259 1607 310 terram,

215 332 410 373 animum
432 331 486 372 ad
509 330 739 382 aetherem,
763 329 906 371 undae
928 329 1149 384 profectus
1182 332 1257 383 est,
1292 329 1434 371 redire
1455 345 1463 381 ς
1488 329 1607 371 ideo-

215 418 299 460 que
333 418 432 447 eum
466 403 629 446 inferos
657 402 800 444 nullos
824 415 917 444 esse
939 402 1183 444 necessario
1217 403 1452 445 credidisse
1473 418 1481 455 ;
1507 416 1608 445 cum

215 481 364 520 contra
395 477 637 519 inferorum
668 489 814 531 regna,
835 476 912 517 ubi
945 479 1210 517 mortuorum
1236 477 1405 518 animae
1432 477 1607 532 degunt,

214 563 295 592 vss.
333 550 416 592 105
452 552 496 591 et
530 549 612 590 111
649 549 752 590 satis
785 547 981 610 dilucide⁴
1020 548 1283 603 significent,
1317 552 1360 591 et
1392 563 1492 591 cum
1527 563 1607 591 vss.

215 625 351 667 107-8
386 623 567 665 adversa
597 622 741 664 fronte
764 634 958 677 pugnare
984 621 1222 663 videantur.
1260 623 1316 664 At
1337 623 1385 676 si,
1409 626 1457 664 ut
1478 637 1609 678 supra

214 698 417 750 diximus,
450 698 576 751 poeta
606 695 773 751 graecis
815 694 1066 736 hominibus
1112 708 1287 737 carmen
1321 695 1606 750 dedicaverat,

214 770 360 811 omnia
377 770 405 811 J
410 769 647 810 udaeorum
678 768 852 823 propria
884 768 1081 809 consulto
1105 771 1260 822 tacere,
1295 771 1338 810 et
1368 768 1609 811 locutiones

214 842 479 886 Graecorum
510 842 582 897 (ex
614 854 674 897 gr.
700 840 917 897 -Ἅιὸης
939 841 1022 895 —),
1057 843 1099 883 et
1130 841 1487 897 philosophorum
1519 841 1608 897 pla-

214 917 299 959 cita
329 917 401 970 (ex
434 929 494 970 gr.
529 941 585 945 ——
618 914 703 970 ἀὴρ
747 914 870 957 δ’ἀνὰ
913 918 1083 969 πνεῦμα
1128 915 1321 957 δέδεκται
1364 916 1437 968 —2)
1482 916 1607 970 sequi

213 989 408 1032 debebat.
442 988 527 1031 Ofr.
561 988 692 1031 hosce
715 987 830 1044 apud
852 988 1137 1031 Plutarchum
1168 988 1343 1044 (consol.
1367 988 1421 1030 ad
1451 988 1607 1044 Apoll.)

213 1063 463 1118 Epicharmi
495 1076 673 1105 versus:

610 1135 860 1191 Συνεκρίθη
893 1135 967 1178 καὶ
999 1135 1194 1192 διεκρίθη

605 1209 693 1252 Καὶ
724 1210 918 1265 ἀπῆλθεν
951 1209 1056 1252 ὅθεν
1088 1208 1195 1265 ἦλθε
1226 1209 1352 1252 πάλιν

606 1283 673 1326 Γᾶ
692 1283 772 1339 μὲν
804 1285 862 1331 εἷς
894 1287 985 1339 γᾶν,
1018 1287 1188 1339 πνεῦμα
1223 1284 1369 1326 δ’ἄνω.

213 1357 280 1399 vel
315 1370 397 1399 vss.
431 1370 548 1412 seqq.
583 1357 731 1413 Eurip.
763 1357 1020 1413 (Chrysip.):

485 1429 642 1484 Χωρεΐ
668 1429 851 1472 δ’ὀπίσω
883 1428 932 1471 τὰ
963 1429 1045 1484 μὲν
1076 1429 1124 1471 ἔκ
1158 1430 1281 1484 γαίας

493 1502 618 1543 Φύντ’
652 1502 696 1548 ἐς
728 1502 852 1556 γαίαν
884 1516 893 1524 ”
925 1501 974 1543 τὰ
1007 1502 1121 1544 ὂ’ἀπ’
1157 1502 1365 1557 αἰθερίοιο

489 1569 733 1616 Βλάστοντα
768 1577 898 1628 γονῆς
928 1574 985 1620 εἷς
1017 1574 1221 1628 οὐράνιον

483 1646 634 1689 Πόλον
666 1645 774 1702 ἦλθε
803 1647 929 1689 πάλιν
962 1660 970 1668 ·
1003 1647 1183 1702 θνήσκει
1216 1647 1241 1689 ὁ
1264 1646 1392 1689 οὐδὲν

489 1720 586 1763 Τῶν
619 1721 859 1776 γινομένων
882 1734 890 1742 ·

210 1793 356 1836 Verba
386 1793 649 1849 Theognidis
681 1807 740 1836 vs.
776 1794 860 1836 593
896 1796 939 1836 et
970 1807 1116 1848 seqq:

303 1866 410 1922 μὴτε
441 1868 640 1922 κακοῒσ(ν
671 1867 841 1910 ἂσῶντα
875 1867 967 1922 λίην
998 1867 1149 1922 φρένα,
1180 1883 1258 1922 μετ
1283 1867 1530 1921 ’ἀγαθοῖσιν

305 1938 566 1995 τερφθ(έντ’)
599 1939 813 1995 ἐξαπίνης,
844 1938 946 1994 πρὶν
975 1938 1093 1985 τέλος
1126 1939 1265 1993 ἄκρον
1296 1939 1410 1988 ἰδεῖν,

213 2011 479 2054 conferenda
511 2015 613 2054 sunt
645 2026 745 2054 cum
778 2026 904 2054 versu
943 2013 1026 2053 118
1060 2011 1304 2067 Pseudoph.

243 2109 299 2113 —-
333 2084 441 2139 μήτε
472 2088 626 2131 κακοῖς
657 2084 813 2140 ἄχθου,
846 2085 939 2140 μητ’
975 2083 1053 2126 οὖν
1085 2084 1320 2139 ἔπαγάλλεο
1351 2085 1499 2140 χάρμῃ
1536 2111 1590 2115 —

210 2158 466 2211 praesertim
499 2171 601 2201 cum
634 2158 779 2200 exitus
813 2158 1015 2201 concinat
1047 2171 1148 2200 cum
1181 2171 1240 2200 vs.
1276 2158 1360 2200 79:

332 2230 394 2287 μὴ
427 2232 593 2274 πίστευε
624 2231 805 2288 τάχιστα,
837 2231 938 2287 πρὶν
961 2231 1220 2287 δ’ᾶτρεκέως
1250 2232 1387 2287 πέρας
1419 2232 1517 2287 ὄψει

209 2303 274 2346 De
293 2318 353 2346 vs.
379 2306 433 2347 87
451 2321 459 2347 :
483 2306 596 2361 μηδὲ
614 2306 738 2361 δίκην
756 2306 945 2361 δικάσῃς,
967 2305 1068 2360 πρὶν
1089 2306 1227 2361 ἄμφω
1249 2307 1399 2361 μῦθον
1416 2307 1611 2363 ἀκούσῃς

211 2377 373 2420 confer.
409 2377 496 2421 Cic.
531 2379 584 2421 ad
624 2379 710 2421 Att.
754 2378 851 2433 VII,
900 2379 982 2421 18:
1033 2378 1161 2435 «Ego
1208 2380 1337 2435 enim,
1378 2381 1459 2422 etsi
1502 2380 1611 2422 illud

208 2451 549 2506 ψευδησιόδειον,
572 2453 632 2494 ita-
655 2453 769 2495 enim
793 2455 980 2508 putatur,
1014 2452 1195 2495 observo
1216 2468 1223 2495 :
1264 2471 1282 2492 «
1303 2453 1417 2509 μηδὲ
1441 2454 1565 2510 δίκην
1587 2472 1605 2492 >>

209 2523 515 2567 Schneidewin
548 2525 627 2578 (De
659 2526 843 2568 Pittheo.
867 2525 978 2568 Gott.
1015 2527 1147 2581 1842)
1169 2527 1223 2569 ad
1245 2526 1472 2582 Χείρωνος
1504 2528 1609 2570 ὕπο-

208 2597 366 2653 θήκας,
401 2611 508 2654 quas
541 2598 672 2655 vulgo
705 2598 899 2641 Hesiodo
928 2599 1189 2655 tribuebant,
1212 2600 1492 2643 referendum
1515 2613 1609 2642 esse
