1844 3093
333 736 484 790 Usque
517 735 571 777 ad
603 735 767 777 saeculi
800 734 959 776 decimi
991 735 1103 776 sexti
1132 734 1270 776 finem
1302 748 1476 776 carmen
1498 749 1603 790 gno-

213 808 377 850 micum
399 808 712 862 hexametrum,
745 806 999 861 Phocylidis
1032 820 1191 849 nomen
1234 820 1335 862 prae
1369 820 1414 849 se
1446 806 1602 861 ferens,

213 894 302 922 non
333 878 564 935 indignum
595 880 828 935 putabatur
861 880 977 934 quod
1019 881 1197 934 antiquo
1245 883 1395 934 poetae
1437 880 1605 921 milcsio

211 953 485 996 tribueretur.
533 953 706 996 Primus
756 952 1002 995 Fridericus
1055 952 1245 1009 Sylburg
1291 952 1380 1007 (illo
1429 952 1602 995 saeculo

213 1026 418 1081 exeunte)
450 1040 550 1069 cum
583 1026 765 1081 vestigia
807 1025 1061 1082 disciplinae
1103 1025 1301 1081 judaicae
1336 1029 1378 1068 et
1410 1026 1604 1068 christia-

212 1112 294 1143 nae
327 1101 373 1142 in
407 1100 598 1143 carmine
631 1099 998 1155 deprehendisset,
1043 1099 1159 1154 quod
1192 1102 1319 1141 antea
1366 1113 1442 1155 pro
1489 1103 1605 1142 certo

213 1172 455 1216 habebatur
486 1174 533 1215 in
566 1173 749 1215 dubium
781 1174 961 1216 vocavit.

334 1247 362 1289 J
365 1247 498 1302 oseph
522 1246 716 1303 Scaliger
736 1247 914 1302 antiquo
938 1246 1168 1301 Phocylidi
1191 1250 1343 1302 poema
1365 1250 1510 1303 aperte
1534 1246 1607 1289 de-

215 1320 410 1376 rogavit3
446 1321 521 1374 qui
543 1321 590 1361 in
617 1337 634 1358 «
652 1319 799 1362 Obser.
821 1313 879 1361 'in
911 1320 1202 1373 Eusebium»,
1225 1322 1333 1375 (pag.
1359 1321 1432 1372 96)
1464 1320 1571 1362 dicit
1591 1335 1599 1361 :

218 1410 236 1432 ‹<
255 1427 463 1436 ..........
487 1396 619 1435 totam
651 1392 769 1435 illam
800 1393 965 1448 poesim
986 1392 1094 1435 falso
1132 1393 1344 1435 hactenus
1376 1393 1606 1447 Phocylidi

215 1467 475 1522 attributam,
520 1467 596 1509 ubi
641 1467 870 1509 invenient
914 1467 1128 1522 (studiosi)
1169 1481 1254 1521 quo
1299 1467 1443 1509 adhuc
1480 1467 1607 1509 indu-

214 1542 362 1584 striam
394 1554 518 1583 suam
551 1544 840 1595 exerceant»,
875 1544 918 1583 et
948 1541 1105 1583 iudaeo
1138 1541 1304 1583 homini
1349 1541 1418 1583 vel
1462 1541 1607 1596 potius

215 1615 448 1658 christiano
475 1614 505 1669 ¹)
537 1614 817 1656 tribuendum
850 1614 1009 1656 statuit.

334 1689 442 1731 Tum
474 1689 522 1731 in
554 1689 693 1731 varias
727 1688 1021 1731 discesserunt
1050 1692 1194 1745 partes
1227 1690 1268 1732 οἳ
1297 1689 1480 1744 κριτικοί
1494 1704 1502 1731 ;

336 1762 389 1804 Is.
409 1762 591 1804 Vossius
613 1761 693 1816 (De
717 1761 838 1804 Orac.
862 1761 1038 1816 Sibyll),
1062 1762 1107 1804 L.
1131 1762 1337 1805 Wachler
1366 1762 1447 1816 (De
1471 1763 1606 1804 Pseu—

216 1835 713 1892 dophocylide-Rinteln.
760 1836 901 1890 1788),
945 1835 1081 1877 Bleck
1121 1835 1290 1890 judaeo,
1330 1835 1481 1877 Rhode
1526 1835 1606 1888 (Dc

214 1912 413 1951 veterum
443 1912 666 1964 poetarum
711 1909 931 1963 Sapientia
972 1910 1187 1963 gnomica)
1236 1912 1278 1950 et
1309 1909 1461 1950 Brunk
1495 1909 1608 1951 chri-
1646 1900 1653 1909 '

210 1982 349 2024 stiano
382 1981 549 2024 homini
571 1994 746 2024 carmen
779 1981 1029 2024 tribuentes.
1054 1980 1204 2023 Donec
1236 1981 1373 2024 Jacob
1408 1981 1606 2036 Bernays

212 2057 259 2098 in
302 2056 508 2112 singulari
554 2057 916 2099 commentatione
960 2069 1070 2110 quae
1117 2056 1396 2098 inscribitur:
1450 2074 1467 2093 «
1490 2043 1609 2098 Uber

212 2129 287 2171 das
319 2129 686 2184 Phokylideische
718 2128 904 2184 gedicht7
938 2129 1009 2171 ein
1043 2128 1210 2184 beitrag
1250 2143 1329 2171 zur
1368 2129 1607 2172 hellenisti-

210 2202 346 2245 schen
382 2202 597 2245 litteratur
619 2219 653 2244 ».
695 2201 898 2254 (Wratisl.
946 2202 1089 2256 1856),
1130 2203 1331 2257 opinatus
1373 2202 1606 2255 Judaeum,

211 2275 381 2330 antiqui
412 2262 665 2329 Phocylidis
707 2287 934 2329 personam
978 2277 1236 2329 mutuatum,
1280 2276 1438 2317 veteris
1481 2278 1608 2316 testa-

213 2348 350 2390 menti
379 2351 610 2403 praecepta
641 2347 838 2389 versibus
871 2347 1169 2402 explicavisse,
1204 2351 1334 2403 atque
1369 2351 1466 2403 post
1510 2347 1610 2389 Pto-

332 2505 358 2549 ¹)
388 2520 402 2534 «
423 2508 467 2539 ut
491 2505 617 2550 negari
646 2516 721 2540 non
748 2505 865 2551 possit
883 2508 951 2539 aut
968 2516 1088 2539 unum
1116 2517 1161 2540 ex
1190 2505 1414 2541 Hellenistis
1443 2507 1602 2542 Alexan-

217 2563 336 2600 drinis
354 2564 481 2608 fuisse,
500 2564 713 2609 cujusmodi
731 2565 843 2600 multi
861 2564 1172 2611 praestantissimi
1200 2565 1412 2601 floruerunt
1429 2567 1500 2602 sub
1519 2567 1606 2602 Pto-

221 2625 384 2670 lomaeis,
405 2629 484 2670 aut,
498 2625 599 2673 quod
613 2637 700 2662 vero
713 2625 901 2673 proprius,
916 2625 1175 2662 Christianum
1191 2642 1206 2657 »
1229 2626 1326 2663 Scal.
1341 2638 1400 2674 op.
1416 2627 1478 2663 cit.
1493 2640 1528 2674 p.
1547 2628 1606 2664 95.
