1844 3093
849 145 893 148 -
920 122 959 158 2]
994 146 1039 149 -

249 202 382 243 αῧτοῦ
406 199 541 242 7-ᾶπό
562 198 722 246 παντὸς
744 200 936 254 ῥήματος
957 201 1110 243 ἀδίκου
1134 201 1354 256 ἀποστήσῃ
1374 217 1454 252 -;
1480 204 1523 242 et
1542 214 1643 242 eum

243 275 376 318 ‘Prow
410 272 581 327 XXIX,
616 271 878 314 7-ἒπίσταται
908 272 1073 320 δίκαιος
1103 273 1261 328 κρίνειν
1278 277 1506 328 πενιχροῖς,
1539 273 1564 315 ὁ
1597 273 1644 315 δὲ

249 347 407 402 ἀσεβὴς
448 347 500 388 οὗ
541 349 635 387 νοεῖ
670 348 839 399 γνῶσιν,
881 346 955 387 καὶ
995 351 1157 400 πτωχῷ
1205 347 1286 388 οὐκ
1318 347 1500 401 ὑπάρχει
1537 351 1640 393 νοῦς

252 419 523 475 ἐπιγνώμων.
556 418 745 461 Versum
781 418 861 460 12:

285 520 340 524 ——
381 493 620 549 μαρτυρίην
651 491 795 547 ψευδῆ
826 492 1011 547 φεύγειν,
1038 492 1087 534 τὰ
1117 492 1260 534 δίκαια
1292 493 1522 548 βραβεύειν
1554 520 1610 523 -

254 581 354 609 eum
376 580 494 621 prOV.
528 565 695 619 XXIV,
725 565 781 606 28
802 579 810 606 1
832 590 887 594 —
906 564 985 620 Μὴ
1004 565 1091 607 ἴσθι
1112 564 1279 620 ψευδὴς
1299 566 1464 620 μάρτυς
1480 567 1547 608 ἐπὶ
1565 566 1642 609 σὸν

252 640 427 694 πολίτην
457 638 570 694 μηδὲ
600 637 816 680 πλατύνου
850 641 940 685 σοῖς
970 638 1155 693 χείλεσιν.
1189 664 1245 668 ——
1274 638 1439 680 Versus
1471 640 1537 692 14,
1563 640 1641 681 15:

253 740 308 744 —
332 714 466 769 μέτρα
495 713 636 767 νέμειν
663 711 713 753 τὰ
736 711 892 761 δίκαια,
914 710 1049 754 καλὸν
1072 712 1340 766 δ’ἕπίμετρον
1361 712 1564 754 ἁπάντων
1587 739 1642 743 —-

250 812 306 816 -—
341 784 538 840 σταθμὸν
578 784 639 839 μὴ
672 783 847 838 κρούειν
879 783 1143 838 ἕτερόζυγον,
1176 784 1263 826 ᾶλλ’
1277 785 1370 826 ἴσον
1401 784 1545 826 ἕλκειν.
1586 811 1642 815 -—

251 873 352 901 cum
384 858 485 900 LeV.
518 857 643 912 XIX,
689 857 773 899 35:
810 883 865 887 —
905 856 969 899 Οὐ
1000 858 1196 912 ποιήσετε
1233 857 1386 899 ἄδικον
1418 857 1463 899 ἕν
1494 859 1640 912 κρίσει,

253 933 298 974 ἕν
328 932 511 987 μέτροις,
544 931 618 973 καὶ
649 931 694 973 ἒν
726 931 948 985 σταθμοῖς,
981 930 1054 973 καὶ
1085 930 1130 972 ἒν
1163 932 1307 985 ζυγοῖς
1341 946 1422 974 -;
1458 934 1501 973 et
1539 945 1638 973 eum

251 1005 376 1046 Prov.
410 1004 488 1058 XI,
524 1005 546 1045 1
579 1029 635 1033 -
669 1003 803 1058 Ζυγοὶ
825 1003 958 1045 δόλιοι
989 1003 1212 1058 βδέλυγμα
1245 1004 1431 1046 ἐνώπιον
1464 1004 1642 1058 Κυρίου,

252 1077 463 1132 στάθμιον
496 1076 543 1119 δὲ
575 1076 742 1119 δίκαιον
775 1075 926 1119 δεκτὸν
948 1076 1077 1131 αὐτῷ.
1111 1076 1299 1119 Versum
1335 1077 1416 1119 16:

372 1176 428 1179 —
451 1149 557 1204 μηδ’
594 1150 856 1205 ε’πιορκήσῃς
886 1150 1149 1205 μητ’ᾶγνῶς
1169 1151 1275 1205 μήτε
1297 1151 1445 1192 ἑκοντί.
1471 1176 1525 1179 —
1546 1164 1646 1192 eum

247 1223 348 1266 LeV.
397 1222 522 1270 XIX,
575 1223 628 1264 12
679 1249 735 1252 —
774 1222 862 1264 Καὶ
907 1223 959 1265 οὗ
1001 1222 1178 1278 ὅμεῒσθε
1225 1227 1288 1278 τῷ
1335 1223 1516 1277 ὅνοματί
1556 1240 1645 1279 μου

248 1296 310 1337 ἐπ’
336 1295 490 1349 ἀδίκῳ,
532 1294 606 1336 καὶ
649 1295 700 1336 οὐ
741 1295 1008 1350 βεβηλώσετε
1049 1294 1096 1337 τὸ
1135 1296 1275 1348 ὄνομα
1318 1295 1366 1337 τὸ
1411 1296 1534 1349 ἅγιον
1571 1300 1646 1338 τοῦ

247 1368 356 1410 θεοῦ
388 1368 515 1422 ὑμῶν
538 1383 618 1419 -3
657 1367 819 1409 locutio
851 1381 954 1410 Vero
989 1394 1044 1397 —
1079 1368 1165 1422 ε’γώ
1208 1369 1291 1423 εἰμι
1338 1368 1363 1410 ὁ
1404 1368 1556 1422 κύριος
1589 1395 1645 1399 ---

246 1441 379 1491 ΠΊΠ,
403 1440 494 1492 ’28
512 1463 567 1469 —
599 1441 729 1482 nimis
761 1453 923 1495 severa,
956 1441 1154 1495 sequenti
1191 1453 1319 1483 versu
1344 1442 1395 1483 17
1421 1441 1481 1483 ita
1504 1442 1647 1497 expri-

245 1517 379 1558 mitur
392 1531 406 1557 :.
439 1542 494 1545 —
527 1515 781 1571 ψεύδορκον
813 1515 972 1570 στυγέει
993 1514 1099 1563 θεὸς
1130 1516 1350 1571 ἄμβροτος
1372 1515 1484 1563 ὅστις
1515 1516 1646 1572 ὀμόσ-

247 1606 312 1645 σῃ.
336 1616 392 1619 -

368 1664 420 1705 In
453 1677 582 1705 versu
617 1664 697 1705 18:

370 1762 425 1766 ———
450 1736 673 1791 σπέρματα
695 1735 755 1791 μὴ
779 1736 980 1778 κλέπτειν
1003 1736 1272 1790 ἕπαράσιμος
1293 1736 1404 1783 ὅστις
1427 1737 1566 1792 ἕληται
1590 1763 1645 1767 -

247 1809 444 1863 Bernays
475 1810 708 1851 lectionem
731 1835 787 1838 —
809 1809 994 1863 τέρματα
1028 1809 1090 1864 μὴ
1118 1809 1308 1851 κλέπτειν
1331 1835 1386 1838 —
1411 1811 1645 1865 proposuit,

247 1896 348 1924 cum
379 1883 426 1924 in
458 1882 653 1925 Levitico
685 1882 853 1924 nullum
884 1882 1134 1924 huiusmodi
1155 1886 1435 1937 praeceptum
1457 1896 1503 1925 se
1526 1883 1648 1925 inve-

246 1956 364 1998 nisse
397 1956 568 1998 dixerit.
602 1955 687 1998 Sed
719 1956 895 1997 invenio
928 1956 973 1996 in
1006 1955 1106 1997 LeV.
1130 1955 1254 2009 XIX,
1280 1956 1333 1997 13
1363 1981 1418 1985 ——
1441 1955 1535 1998 Οὐκ
1558 1956 1648 1998 ἄδι-

245 2028 383 2074 κέσεις
413 2027 486 2069 τὸν
517 2029 709 2083 πλησίον,
742 2028 817 2069 καὶ
838 2028 919 2082 οὐχ
941 2028 1070 2082 ἇρπᾷ·
1092 2027 1166 2069 καὶ
1188 2028 1240 2069 οὗ
1261 2027 1322 2082 μὴ
1346 2029 1647 2083 κοιμηθήσετε·

247 2099 273 2142 ὅ
302 2098 463 2155 μισθὸς
494 2104 569 2143 τοῦ
600 2100 829 2155 μισθωτοῦ
859 2116 938 2142 σου
959 2099 1078 2154 παρὰ
1100 2099 1166 2142 σοὶ
1187 2100 1272 2146 ἕως
1291 2099 1414 2154 πρωΐ
1431 2116 1511 2153 —3
1536 2114 1648 2156 quae

244 2172 410 2215 fontem
444 2186 532 2228 seq.
565 2186 717 2215 versus
749 2172 1210 2228 Pseudophoeylideae
1233 2173 1471 2215 ostendunt
1493 2200 1549 2204 —
1582 2191 1650 2229 μι-

245 2245 357 2288 σθὸν
390 2246 662 2301 μοχθήσαντι
705 2246 838 2288 δίδου·
877 2246 938 2300 μὴ
980 2246 1103 2300 θλῖβε
1147 2246 1306 2301 πένητα
1330 2262 1410 2298 -;
1457 2251 1500 2288 at
1540 2248 1649 2289 illud

251 2334 269 2355 «
298 2317 378 2360 οὒκ
413 2317 621 2365 ᾶδικέσεις
650 2334 681 2359 τ.
714 2334 761 2359 π.
790 2317 864 2360 καὶ
888 2317 968 2372 οὐχ
990 2317 1110 2372 ἆρπᾷ
1137 2334 1154 2355 >>
1180 2316 1228 2359 τὸ
1256 2334 1274 2355 <<
1302 2317 1525 2373 σπέρματα
1556 2319 1649 2361 κλέ-

243 2406 358 2432 πτειν
385 2407 403 2428 >>
432 2390 749 2444 quodammodo
782 2390 975 2431 involvit.
1021 2390 1251 2431 Praeterea
1284 2416 1340 2419 —
1373 2391 1558 2445 τέρματα
1592 2417 1648 2421 »-

249 2461 398 2505 furtim
433 2476 521 2504 non
554 2462 814 2505 auferuntur
844 2461 921 2505 sed
952 2462 1097 2518 potius
1130 2465 1397 2515 amoventur,
1431 2466 1480 2504 ut
1501 2462 1649 2505 videre

246 2538 312 2576 est
342 2536 389 2575 in
420 2534 547 2576 Deut.
580 2535 705 2589 XIX,
731 2536 786 2576 14
810 2560 866 2564 —
900 2535 953 2576 οὗ
983 2535 1276 2589 μετακινήσεις
1308 2534 1404 2589 ὅρια
1437 2539 1513 2576 τοῦ
1544 2536 1650 2590 πλη-

248 2608 354 2657 σίου,
386 2609 414 2650 ἃ
446 2609 626 2664 ἔστησαν
659 2609 701 2651 οἷ
729 2608 932 2665 προτεροί
963 2625 1113 2651 σου.-
