1844 3093
804 137 922 174 -49
950 160 994 164 -.

323 216 464 271 Igitur
494 214 673 255 minime
716 227 742 255 a
787 226 890 256 vero
932 213 1060 269 longe
1103 213 1224 256 abest
1262 215 1367 269 quin
1411 213 1603 257 Pseudo-

202 287 469 347 phocylides,
502 286 622 329 felici
655 312 711 316 —
743 289 831 328 τῶν
852 289 1028 342 χρυσῶν
1044 287 1164 329 ἔπων
1185 312 1240 316 ——
1267 287 1390 329 exitu
1413 287 1457 328 in
1480 299 1602 342 spem

207 365 388 414 erectus,
422 373 521 402 suas
555 385 611 389 —
636 360 815 414 γνώμας
839 385 894 388 -
928 360 1059 400 simili
1092 361 1282 402 carmine
1318 361 1504 402 ethnicis
1528 360 1602 402 de-

203 435 399 476 dicasset.
431 433 578 486 Atque
611 431 882 485 affinitatem,
917 445 1027 486 quae
1060 433 1174 474 inter
1193 436 1333 487 χρυσᾶ
1354 433 1434 488 ἔπη
1460 436 1600 475 exstat

203 510 245 549 et
276 504 767 560 Pseudophocylideam,
800 505 886 558 J'am
922 508 1088 546 veteres
1121 505 1477 547 animadvertisse
1499 506 1601 547 hinc

202 580 325 634 argui
356 581 498 633 potest
529 576 645 631 quod
677 577 723 617 in
760 576 929 618 duobus
952 577 1176 619 codicibus
1199 577 1520 619 Mutinensibus
1543 578 1601 619 ita

202 665 376 695 carmen
409 650 829 706 Pseudophocylidis
873 651 1129 706 inscriptum
1175 652 1247 692 sit:
1298 668 1315 688 «
1344 651 1601 694 Φωκυλίδου

200 726 367 780 ποίησις
387 725 503 766 πάνυ
526 723 756 778 ὠφέλιμος.
778 723 827 764 τὰ
849 723 1054 777 λεγόαενα
1078 724 1247 778 ἀργυρᾶ
1269 741 1302 765 >>.
1335 749 1387 753 --
1406 724 1594 779 Ἀργυρά

202 802 381 840 vocatur
410 796 824 851 Pseudopocylidea,
856 797 1021 838 ratione
1055 796 1201 838 habita
1220 800 1306 839 τῶν
1331 798 1461 845 ἔπων,
1485 810 1596 851 quae

200 873 340 926 χρυσᾶ
372 869 681 911 inscribuntur.
715 868 945 911 Praeterea
977 882 1063 910 non
1097 882 1236 924 pauca
1268 854 1601 924 Neoplatonico-

202 956 311 997 rum,
345 955 453 996 quos
484 954 615 996 supra
652 941 988 983 memoravimus
1030 954 1131 982 cum
1170 941 1604 996 Pseudophocylidea

202 1016 389 1059 conferri
421 1019 623 1070 possunt:
659 1027 710 1056 ea
752 1014 979 1056 dumtaxat
1020 1015 1239 1069 attingam,
1286 1028 1396 1069 quac
1430 1015 1603 1055 maioris

201 1089 309 1130 mihi
341 1089 550 1129 momenti
583 1100 676 1129 esse
710 1086 924 1129 videntur.
958 1087 1036 1128 Ex.
1071 1101 1130 1142 gr.
1161 1087 1289 1129 Polos
1321 1087 1525 1129 Lucanus
1557 1088 1603 1128 in

200 1161 308 1203 libro
346 1177 364 1199 «
391 1160 499 1216 Περὶ
531 1160 806 1216 δικαιοσύνης
828 1177 846 1198 >>
882 1160 1017 1215 (Frag.
1045 1160 1204 1202 Philos.
1234 1160 1329 1201 Vol.
1352 1160 1396 1201 Π
1417 1160 1602 1202 Miilach.

201 1236 347 1291 Didot)
379 1236 486 1278 haec
519 1235 670 1277 habet:
706 1269 1268 1278 ..............
1303 1236 1488 1290 ἁρμονία
1521 1236 1603 1291 γάρ

197 1310 276 1352 ἕντι
307 1309 381 1352 καὶ
412 1309 558 1365 εἶράνα
590 1308 664 1356 τὰς
695 1309 799 1356 ὅλας
829 1312 974 1365 ψυχᾶς
1006 1309 1090 1363 μέτ’
1126 1309 1331 1365 εῧρυμίας
1365 1343 1588 1351 ......

204 1383 248 1425 ἓν
271 1382 429 1437 κόσμῳ
449 1381 530 1437 μὲν
551 1380 616 1424 ὧν
633 1381 738 1424 αὐτὰ
754 1381 831 1424 τὰν
851 1381 956 1424 ὅλαν
973 1381 1112 1437 ἀρχὰν
1127 1382 1481 1437 ὂιαστραταγοῒσα
1495 1382 1603 1438 πρό-

202 1455 297 1497 νοιά
325 1471 368 1497 τε
399 1454 473 1497 καὶ
505 1454 691 1509 ἇρμονὶα
723 1454 797 1496 καὶ
832 1454 930 1497 ὃίκα
965 1454 1039 1497 καὶ
1070 1455 1172 1502 νόος
1203 1454 1314 1502 τινὸς
1346 1456 1466 1497 θεῶν
1489 1456 1602 1498 οὕτω

201 1528 494 1583 ψαφιξαμένω
528 1517 572 1570 ἓν
603 1527 702 1570 πόλι
730 1527 777 1570 δὲ
808 1528 954 1583 εἷράνα
976 1545 1019 1570 τε
1040 1528 1114 1570 καὶ
1130 1529 1307 1584 εὐνομία
1330 1528 1508 1576 δικαίως
1530 1529 1598 1571 κέ-

200 1602 360 1657 κληται.
394 1602 439 1644 ἒν
470 1603 580 1657 οἴκῳ
610 1601 734 1644 δ’ἕντὶ
765 1600 925 1656 ἀνδρὸς
956 1601 1036 1657 μὲν
1067 1602 1140 1644 καὶ
1173 1601 1377 1657 γυναικὸς
1408 1602 1498 1645 ποτ’
1534 1602 1603 1644 ἀλ-

201 1675 341 1722 λάλως
363 1675 663 1731 ὄμοφροσύνα,
688 1676 854 1719 οἶκετᾶν
877 1676 924 1719 δὲ
944 1675 1040 1719 ποτὶ
1073 1675 1283 1724 δεσπότας
1315 1676 1475 1729 εὔνοια,
1511 1676 1603 1718 δεσ-

202 1752 337 1791 ποτᾶν
360 1749 407 1791 δὲ
427 1749 524 1792 ποτὶ
544 1749 818 1805 θεράποντας
839 1750 1077 1805 καδεμονία
1112 1783 1290 1791 .....
1335 1750 1380 1792 ἒν
1414 1750 1460 1791 δὲ
1481 1754 1604 1805 ψυχᾷ

203 1822 332 1876 σοφία
356 1822 383 1863 ἆ
405 1821 453 1864 ἐκ
475 1825 549 1868 τᾶς
570 1822 802 1876 ἕπιστάμας
821 1839 863 1865 τε
881 1822 955 1864 καὶ
975 1822 1251 1869 δικαιοσύνας
1270 1823 1478 1877 γενομένα
1496 1823 1597 1877 παρ’

201 1894 476 1949 ἀνθρώποια.
510 1911 550 1937 κ.
584 1912 615 1937 τ.
648 1894 683 1937 λ.

323 1968 478 2022 Neque
498 1969 623 2010 aliter
643 1969 1086 2025 Pseudophocylides,
1111 1983 1211 2011 cum
1234 1984 1315 2011 vss.
1341 1971 1446 2011 70-5
1471 1970 1603 2011 totius

202 2041 395 2083 universi
428 2041 640 2097 ἁρμονίαν
680 2041 897 2097 describit,
941 2055 1138 2097 gressum
1179 2042 1285 2085 facit
1329 2042 1382 2084 ad
1427 2055 1604 2084 concor-

202 2114 317 2156 diam
350 2115 749 2170 commendandam,
784 2129 894 2171 quae
929 2130 1030 2158 cum
1062 2117 1213 2171 amico,
1238 2117 1405 2172 hospite
1427 2115 1518 2171 (cfr.
1544 2130 1602 2158 vs.

202 2189 276 2244 82)
309 2192 352 2232 et
383 2189 595 2232 creditore
628 2189 719 2239 (cfr.
756 2203 813 2233 vs.
848 2191 920 2244 83)
961 2190 1161 2233 habenda
1201 2194 1276 2245 est,
1315 2190 1369 2232 ad
1408 2190 1604 2232 ordinem

203 2275 288 2316 quo
322 2263 474 2305 civitas
506 2264 696 2319 regenda
729 2265 826 2319 (vss.
860 2265 916 2306 80
952 2267 994 2306 et
1025 2265 1181 2319 seqq.):
1213 2264 1315 2306 hinc
1339 2263 1486 2305 officia
1509 2277 1604 2318 per-

192 2339 365 2391 tractat,
384 2350 494 2392 quae
513 2338 698 2393 quisque
721 2337 804 2380 sibi
826 2338 909 2394 ipsi
933 2337 1071 2393 debet,
1094 2351 1204 2393 quae
1227 2337 1334 2392 aliis,
1357 2350 1468 2392 quae
1491 2351 1603 2378 mor-

202 2410 289 2451 tuis
310 2410 363 2465 (v.
390 2411 478 2465 17);
503 2410 557 2453 ad
580 2414 749 2454 rectum
770 2411 961 2453 familiae
994 2412 1189 2467 regimen
1222 2412 1319 2465 (vss.
1366 2411 1601 2465 175-206):

201 2483 255 2525 ad
273 2484 550 2527 concordiam
574 2485 762 2540 demum,
786 2498 897 2539 quae
921 2498 1022 2527 cum
1046 2497 1196 2540 uxore,
1222 2498 1323 2527 cum
1342 2484 1448 2526 filiis
1470 2485 1602 2540 (207),

203 2570 304 2598 cum
336 2559 487 2600 amicis
518 2558 649 2613 (218),
683 2572 784 2600 cum
815 2557 990 2600 famulis
1013 2558 1225 2600 servanda
1254 2561 1328 2600 est.
1354 2557 1508 2612 Neque
1531 2557 1603 2599 ab-

202 2630 363 2673 stinere
374 2644 551 2686 possum
569 2632 675 2687 quin
693 2631 837 2674 locum
850 2630 1035 2674 referam
1051 2644 1074 2674 e
1086 2630 1344 2687 fragmentis
1361 2631 1432 2673 lib.
1456 2648 1474 2668 «
1492 2629 1602 2685 Περὶ

1378 2704 1395 2731 4
