1844 3093
849 150 891 153 -
920 127 969 164 28
996 151 1040 154 -

242 201 407 252 ναικὸς,
439 203 514 245 καὶ
531 207 586 259 γῆ
606 204 687 246 οὐκ
711 204 1010 260 ἐμπιπλαμένη
1033 204 1202 254 ὕδατος,
1224 204 1299 247 καὶ
1319 204 1443 260 ὕδωρ
1464 205 1539 247 καὶ
1558 209 1647 261 πῦρ

242 277 294 320 οὗ
326 276 389 333 μὴ
424 278 611 321 εἴπωσιν·
640 278 793 333 Ἀρκεῖ.

363 352 415 393 In
449 367 580 396 versu
608 354 664 395 98
687 354 921 396 lectionem
944 380 1000 384 —
1025 354 1146 409 γόοσι
1169 381 1225 384 -
1248 368 1325 409 pro
1350 380 1406 384 —
1429 355 1567 397 θεοῖσι
1594 381 1643 385 -

242 430 388 483 aperte
443 431 641 482 effatam,
690 428 915 483 proposuit
960 427 1159 482 Bernays
1204 428 1320 482 (VH)
1365 428 1440 470 cfr.
1485 428 1635 471 Siraoh

242 501 502 554 XXXVIII,
539 502 620 542 16:
659 526 715 530 ——
753 501 916 550 τέκνον,
949 501 1017 542 ἐπὶ
1048 506 1194 555 νεκρῷ
1216 501 1432 555 κατάγαγε
1465 500 1635 556 δάκρυα

241 575 316 618 καὶ
349 576 413 623 ὡς
446 575 562 618 δεινὰ
595 576 779 630 πάσχων
812 576 965 629 ἔναρξε
996 576 1177 630 θρῆνον.
1209 575 1318 617 κατὰ
1342 575 1490 630 δὲτὴν
1510 576 1649 630 κρίσιν

242 650 374 692 αὐτοῦ
407 649 667 704 περίστειλον
699 644 756 692 τὸ
780 652 909 705 σῶμα
942 649 1087 698 αὗτοῦ,
1119 650 1193 692 καὶ
1223 648 1285 705 μὴ
1328 649 1534 705 ὓπερίόῃς
1573 649 1649 704 τὴν

240 724 382 779 ταφὴν
415 725 559 766 αὐτοῦ.
593 724 704 766 κ.τ.λ.
730 750 785 753 -
808 737 919 779 quae
954 725 1084 766 etiam
1128 723 1413 778 sequentibus
1450 723 1649 765 versibus

241 798 453 852 originem
488 801 757 853 praeparant.
790 798 980 839 Versum
1015 799 1125 839 103:

305 895 361 899 —-
395 869 468 911 καὶ
499 870 606 924 τάχα
641 870 682 911 δ’
702 869 749 911 ἒκ
784 869 906 924 γαίης
926 869 1151 923 ἐλπίζομεν
1173 870 1216 916 ἒς
1237 869 1352 924 φάος
1374 868 1513 911 ἕλθεῒν
1529 894 1584 898 —-

244 943 397 984 confer
429 957 530 984 cum
563 943 658 997 Sap.
691 943 770 990 ΙΙΙ,
805 943 832 983 4
853 968 909 972 ——
933 942 1007 984 καὶ
1042 942 1125 996 γὰρ
1163 943 1208 984 ἓν
1251 943 1350 996 ὄψει
1392 942 1649 996 ἀνθρώπων

243 1015 317 1058 ἕάν
349 1016 642 1063 κολασθῶσιν,
675 1017 701 1071 ἡ
736 1015 852 1063 ε’λπὶς
885 1016 1029 1058 αὐτῶν
1064 1016 1307 1062 ἀθανασίας
1342 1015 1511 1070 πλήρης
1523 1048 1648 1057 ......

242 1091 265 1131 7
288 1115 343 1118 ——
366 1089 441 1131 καὶ
472 1089 517 1132 ἓν
548 1094 692 1144 καιρῷ
723 1089 961 1144 ἐπισκοπῆς
993 1090 1136 1131 αὐτῶν
1158 1088 1463 1144 ἀναλάμψουσι
1484 1087 1559 1131 καὶ
1581 1088 1644 1135 ὡς

241 1163 477 1217 σπινθῆρες
510 1163 861 1217 διαδραμοῦνται.
891 1189 943 1192 -—
967 1163 1041 1204 Vs.
1068 1163 1152 1205 109
1189 1176 1291 1204 eum
1312 1162 1380 1204 Ps.
1405 1161 1497 1216 XO,
1522 1162 1560 1216 9,
1592 1162 1647 1203 10

242 1239 284 1276 et
316 1235 441 1276 Prov.
474 1235 552 1288 HI,
586 1236 655 1288 27,
690 1236 746 1277 28
780 1238 829 1276 ut
860 1249 990 1290 supra
1022 1235 1235 1287 vidimus3
1258 1235 1362 1276 item
1390 1248 1472 1276 vss
1509 1234 1643 1275 116-8

242 1321 340 1350 oum
377 1322 493 1364 prov:
527 1308 604 1356 III,
639 1309 720 1354 ‘282
755 1311 977 1363 praeterea
1010 1321 1111 1350 oum
1144 1307 1239 1363 Sap.
1274 1321 1308 1349 ο.
1331 1307 1386 1359 11,
1413 1308 1462 1348 1:
1486 1333 1543 1336 —
1566 1306 1648 1349 ὀλί-

242 1398 319 1436 γος
350 1382 434 1424 ἐστὶ
465 1382 539 1424 καὶ
571 1381 765 1437 λυπηρὸς
797 1381 822 1424 ὁ
853 1382 947 1437 βίος
978 1382 1107 1436 ἡμῶν
1119 1415 1243 1423 ......
1279 1382 1303 1422 5
1329 1407 1385 1410 —
1409 1384 1532 1428 σκιᾶς
1564 1380 1647 1435 γὰρ

240 1455 439 1509 πάροδος
470 1455 496 1498 ὅ
527 1456 622 1511 βίος
653 1456 793 1511 ἡμῶν,
826 1455 900 1498 καὶ
932 1456 1013 1498 οὐκ
1047 1456 1130 1498 ἔστι
1162 1454 1461 1510 ἀναποδισμὸς
1490 1458 1565 1510 τῆς
1584 1471 1645 1497 τε-

241 1529 390 1584 λευτῆς
432 1530 561 1585 ἡμῶν
604 1529 665 1571 ὅτι
707 1530 1050 1585 κατεφραγίσθη,
1092 1529 1166 1572 καὶ
1204 1529 1345 1576 οὐδεὶς
1383 1529 1638 1584 ἀναστρέφει

243 1602 372 1644 Δεῦτε
405 1601 484 1645 οὗν
515 1602 590 1645 καὶ
621 1603 929 1658 ἀπολαύσομεν
959 1606 1050 1645 τῶν
1071 1603 1211 1645 ὄντων
1231 1602 1429 1656 ἀγαθῶν,
1450 1601 1525 1644 καὶ
1545 1618 1650 1657 χρη-

244 1676 417 1731 σόμεθα
450 1681 502 1732 τῇ
532 1677 660 1719 κτίσει
682 1677 745 1723 ὡς
767 1677 926 1732 νεότητι
948 1677 1209 1723 σπουδαίως.
1239 1675 1370 1719 Οἴνου
1392 1676 1651 1722 πολυτελοῦς

243 1749 317 1791 καὶ
348 1749 507 1805 μύρων
537 1749 820 1805 πλησθῶμεν,
853 1750 927 1792 καὶ
950 1749 1008 1805 μὴ
1031 1748 1349 1805 παροόευσάτω
1373 1749 1488 1804 ἡμᾶς
1513 1748 1651 1795 ἄνθος

244 1823 375 1876 ἔαρος
396 1822 507 1863 κτλ.
532 1838 606 1872 -—,·
624 1835 736 1876 quae
749 1822 882 1863 verba
892 1825 1010 1863 recte
1022 1821 1313 1875 Bernaysium
1336 1834 1500 1862 novum
1522 1823 1652 1875 caput

244 1908 269 1935 a
286 1894 487 1936 versibus
507 1895 642 1935 ilfi-7
669 1894 860 1935 orditum
882 1907 976 1936 esse
999 1894 1305 1947 demonstrant,
1324 1896 1454 1947 atque
1478 1906 1652 1934 versum

249 1968 335 2009 118
360 1981 462 2009 cum
487 1981 569 2009 vss.
596 1968 730 2009 ilfi-7
757 1980 849 2009 rem
868 1967 1029 2009 habere
1053 1967 1337 2018 confirmant3
1362 1979 1471 2020 quos
1504 1969 1654 2008 contra
1702 1993 1704 1996 .

243 2040 388 2095 Bergk
412 2040 502 2082 oroi
541 2040 824 2096 descriptioni
861 2039 970 2082 falso
1005 2039 1282 2094 adjunxerat,
1316 2039 1443 2081 ouius
1480 2040 1653 2081 senten—

244 2114 348 2156 tiam
370 2113 551 2156 Crusius
573 2114 699 2169 sequi
722 2113 905 2168 videtur,
929 2127 1011 2156 vss.
1039 2114 1171 2156 ilfi-7
1199 2112 1404 2155 cancellis
1426 2112 1650 2168 saepiens3

244 2189 425 2244 insuper
458 2188 726 2231 locutionem
750 2214 806 2218 ——
829 2188 1020 2235 θάνατος
1043 2213 1099 2217 —‡
1122 2187 1318 2243 probant,
1342 2200 1470 2242 quam
1493 2186 1652 2228 frustra

242 2261 441 2316 Bernays
473 2262 520 2303 in
544 2288 600 2291 —
624 2262 820 2318 κάματος
842 2288 898 2291 -
930 2264 1126 2303 mutarat.
1160 2260 1349 2303 Versum
1385 2260 1468 2301 123
1504 2258 1655 2302 confer

245 2348 345 2376 cum
378 2335 504 2376 Prov.
538 2335 658 2388 XVI,
694 2335 751 2376 24
796 2352 813 2372 «
842 2334 983 2390 Κηρία
1027 2334 1193 2388 μέλιτος
1224 2332 1343 2387 λόγοι
1384 2332 1522 2381 καλοὶ,
1555 2331 1652 2386 γλύ-

243 2424 393 2463 κασμα
440 2408 487 2450 δὲ
531 2408 663 2450 αὐτοῦ
705 2409 814 2455 ἴασις
845 2412 992 2464 ψηχῆς
1034 2433 1090 2437 -
1134 2406 1319 2449 Vs.124
1357 2405 1653 2461 metaphoram

245 2481 495 2523 hebraicam
526 2482 757 2524 manifeste
792 2481 1001 2524 ostendit:
1036 2480 1192 2523 Psalm.
1215 2479 1306 2533 LII,
1331 2480 1377 2521 2:
1403 2505 1459 2509 ——
1483 2478 1653 2521 ἀδικίαν

245 2555 464 2609 ἐλογίσατο
497 2556 523 2610 ἡ
558 2555 732 2610 γλώσσα
765 2568 857 2597 σου·
891 2554 994 2596 ὡσεὶ
1027 2553 1161 2609 ξύρον
1192 2552 1467 2609 ἠκονημένον
1508 2551 1652 2607 ἐποίη-

246 2644 324 2675 σας
358 2627 499 2670 δόλον.
524 2654 579 2658 -—
609 2628 698 2673 LV,
733 2629 785 2669 21
825 2654 880 2657 —
915 2628 941 2682 ἠ
974 2626 1263 2682 παλύνθησαν
1295 2626 1337 2668 οἳ
1367 2624 1487 2680 λόγοι
1519 2624 1652 2666 αὐτοῦ
