1844 3093
221 256 425 298 mamque
458 243 671 285 sermonis
703 246 900 298 pacatam
933 255 1071 297 aeque
1104 256 1155 285 ac
1187 256 1387 286 serenam
1423 242 1632 285 adhiben-

222 318 322 369 tem,
356 315 478 357 velut
509 316 546 357 si
578 314 752 357 facilius
786 315 973 357 ethnicis
1015 328 1119 357 suae
1163 315 1489 371 amplectendae
1532 315 1632 357 reli-

220 390 363 444 gionis
395 389 563 431 aditum
594 388 839 444 patefacere
872 392 1075 444 speraret.
1109 378 1207 443 (Cui
1234 388 1413 444 quidem
1435 389 1632 447 opinioni

220 462 372 504 Ewald
390 475 565 518 quoque
587 463 822 504 assentitur
844 488 900 491 —
925 462 1282 504 Geschichte‘des
1302 462 1464 504 Volkes
1485 462 1630 517 Israel,

221 535 316 576 Vol.
350 535 426 588 VI,
458 548 553 589 pag.
583 535 696 588 374).
720 535 780 575 At
802 538 953 575 contra
974 534 1171 588 Bernays
1194 534 1385 575 affirmat
1405 533 1630 588 negligen—

221 608 353 649 tiores
384 607 410 649 J
417 607 578 649 udaeos
609 606 747 648 fuisse
779 607 826 647 in
859 607 1046 648 ethnicis
1079 606 1132 648 ad
1166 619 1266 648 suas
1292 609 1436 662 partes
1459 605 1631 648 trahen-

222 681 306 723 dis:
342 681 430 735 sed,
464 682 501 722 si
534 681 641 723 tales
673 680 810 723 fuisse
842 681 870 723 J
876 680 1035 722 udaeos
1069 679 1491 734 Hierosolymitanos
1529 693 1631 721 con-

222 755 430 810 cedimus,
464 754 680 797 eiusmodi
711 754 849 796 fuisse
883 754 959 809 qui
1002 754 1139 809 sparsi
1182 752 1398 807 vivebant,
1439 752 1630 795 maxime

221 842 323 871 vero
357 829 523 871 ultimis
556 832 655 871 ante
689 828 763 871 Ch.
798 842 838 870 n.
871 828 1069 883 saeculis,
1102 841 1278 884 prorsus
1300 840 1521 883 negamus.
1545 826 1627 869 Ex.

221 903 369 957 gratia,
403 905 512 945 teste
544 901 725 943 Horatio
763 901 913 956 (Serm.
951 901 983 955 I,
1027 902 1067 956 4,
1114 901 1308 956 139-43),
1355 904 1522 943 certum
1566 903 1632 942 est

220 975 395 1028 Romae,
430 987 528 1029 quo,
568 988 669 1016 cum
713 974 950 1029 Pompeius
992 973 1239 1016 Jerusalem
1281 974 1630 1029 expugnavisset,

220 1061 378 1102 magna
409 1047 437 1089 J
441 1047 681 1089 udaeorum
703 1046 938 1088 multitudo
964 1046 1192 1101 confluxit,
1216 1059 1290 1088 eos
1311 1046 1630 1102 proselytorum

220 1120 365 1162 studio
397 1120 627 1175 flagrasse,
662 1133 806 1174 neque
839 1120 1146 1174 Alexandriae,
1180 1133 1291 1174 quae
1325 1122 1416 1161 erat
1438 1132 1630 1161 commu-

223 1207 276 1235 ne
309 1194 418 1234 illud
452 1193 692 1235 occidentis
726 1197 769 1234 et
801 1195 980 1235 orientis
1014 1195 1268 1248 emporium,
1310 1206 1379 1235 res
1422 1194 1547 1235 aliter
1583 1206 1629 1234 se

221 1266 425 1309 habuisse
459 1266 642 1309 videtur.
677 1266 879 1309 Ceterum
915 1267 1119 1309 eumdem
1152 1267 1197 1308 in
1229 1266 1367 1309 finem
1398 1267 1486 1321 jam
1518 1266 1629 1309 alius

221 1340 248 1381 J
253 1340 431 1394 udaeus,
455 1353 591 1395 nepos
608 1340 716 1382 Jesu
734 1340 818 1381 filii
841 1340 1003 1394 Sirach,
1019 1344 1071 1381 ‘ut
1087 1341 1180 1395 ipse
1198 1341 1243 1381 in
1263 1353 1345 1381 sua
1360 1339 1628 1395 praefatione

225 1418 418 1469 testatur,
442 1415 512 1456 avi
540 1440 596 1445 ——
620 1414 794 1471 Σοφίαν
818 1440 873 1444 —
898 1415 943 1456 in
976 1427 1181 1470 graecum
1209 1426 1455 1456 sermonem
1478 1414 1626 1456 vertit:

223 1513 278 1517 -—
303 1489 366 1534 ὡς
398 1489 451 1530 οὗ
482 1488 622 1543 μόνον
654 1487 811 1535 αὐτοὺς
842 1488 941 1535 τοὺς
973 1489 1378 1543 ἀναγιγνώσκοντας
1400 1487 1501 1529 δέον
1522 1487 1629 1529 ἐστὶν

223 1562 511 1617 ἐπιστήμονας
543 1561 748 1616 γίνεσθαι,
781 1560 886 1603 ἀλλὰ
919 1561 993 1603 καὶ
1023 1565 1110 1609 τοῖς
1141 1560 1263 1608 ἐκτὸς
1294 1560 1510 1603 δύνασθαι
1530 1559 1631 1607 τοὺς

221 1634 580 1689 φιλομαθοῦντας
610 1634 851 1689 χρησίμους
883 1633 987 1676 εἶναι
1019 1634 1092 1676 καὶ
1121 1634 1322 1689 λέγοντας
1343 1633 1417 1675 καὶ
1440 1633 1629 1689 γράφον-

222 1724 426 1755 τας......
460 1708 503 1749 in
540 1708 663 1750 exitu
695 1720 797 1749 vero
831 1708 913 1749 ait:
950 1734 1006 1737 —
1039 1706 1151 1763 πρὸς
1181 1706 1229 1750 τὸ
1251 1707 1319 1749 ἐπὶ
1338 1706 1476 1763 πέρας
1504 1706 1630 1762 ἄγον-

219 1797 269 1823 τα
302 1780 350 1823 τὸ
381 1781 548 1836 βιβλίον
580 1780 804 1834 ἐκδόσθαι,
838 1781 912 1822 καὶ
942 1785 1028 1828 τοῖς
1060 1781 1104 1822 ἐν
1135 1785 1186 1836 τῇ
1228 1781 1437 1837 παροικίᾳ
1474 1780 1629 1836 βουλο-

219 1855 370 1909 μένοις
396 1854 670 1910 φιλομαθεῖν.

906 1965 957 2007 V.

343 2063 542 2118 Cumque
574 2063 602 2105 J
607 2062 772 2105 udaeus
805 2063 1035 2105 hellenista
1066 2063 1234 2118 graecis
1257 2061 1507 2104 hominibus
1528 2064 1629 2118 poe-

220 2151 291 2179 ma
323 2138 570 2190 destinaret,
603 2151 690 2178 non
725 2141 790 2179 est
822 2137 939 2191 quod
968 2138 1179 2179 miremur
1200 2138 1236 2178 si
1257 2137 1384 2192 plura
1405 2150 1430 2178 a
1452 2136 1629 2178 Graecis

227 2209 512 2252 celeberrima
545 2208 661 2252 dicta
693 2210 993 2252 immiscuerit.

349 2283 515 2325 Eodem
548 2296 678 2325 versu
701 2284 728 2323 8
752 2283 838 2324 duo
861 2282 1069 2338 Decalogi
1096 2286 1328 2338 praecepta
1350 2283 1631 2324 continentur

221 2355 461 2410 eademque
495 2355 648 2398 eodem
683 2355 834 2398 ordine
868 2355 1074 2411 disposita
1108 2369 1194 2411 quo
1232 2355 1348 2411 apud
1389 2355 1629 2397 Pindarum

220 2430 347 2484 Pyth.
382 2430 456 2483 VI,
491 2430 560 2483 23,
600 2430 676 2471 ubi
716 2429 878 2472 Chiron
919 2429 1162 2472 Centaurus
1208 2430 1371 2473 Achilli
1414 2429 1628 2485 discipulo

218 2503 452 2558 praecipit:
479 2528 535 2532 —
567 2503 747 2558 μάλιστα
779 2503 861 2558 μὲν
892 2503 1127 2559 Κρονίδαν,
1161 2503 1394 2559 βαρυόπαν
1416 2506 1630 2559 στεροπᾶν

218 2579 450 2631 κεραυνῶν
480 2592 523 2618 τε
543 2577 752 2631 πρύτανιν
774 2576 895 2619 θεῶν
927 2577 1132 2632 σέβεσθαι
1154 2591 1162 2599 ·
1185 2577 1341 2624 ταύτας
1363 2577 1413 2619 δέ
1437 2577 1499 2632 μή
1522 2592 1627 2618 ποτε

216 2652 339 2704 τιμᾶς
365 2649 554 2705 ἀμείρειν
587 2650 753 2704 γονέων
774 2650 870 2705 βίον
891 2651 1183 2705 πεπρωμένον
1207 2675 1262 2680 -
1287 2663 1370 2693 nec
1393 2663 1482 2692 non
1507 2649 1624 2704 apud
