1844 3093
220 193 349 249 quale
382 196 528 236 nostro
562 196 756 249 tempore
790 193 1108 248 circumfertur,
1129 194 1332 249 iniquum
1350 197 1474 249 esset,
1497 195 1625 250 quod,

220 267 449 310 emendata
481 267 595 321 licet,
629 267 773 309 stu'dio
808 270 851 310 et
883 281 989 310 cura
1021 267 1263 322 Bernaysii,
1308 267 1497 323 Bergkii,
1542 268 1626 311 Go-

216 341 354 396 ramii,
391 340 622 397 Ludwigii,
646 341 852 383 carminis
873 341 1015 396 lectio,
1038 341 1308 398 interpolatis
1329 354 1496 397 suaque
1522 342 1625 386 sede

220 414 462 456 exturbatis
481 414 690 468 versibus,
709 418 855 456 scatet.
874 415 1010 469 Cujus
1038 415 1216 470 quidem
1238 415 1385 456 damni
1405 428 1456 457 ea
1477 415 1626 457 afferri

217 500 348 530 causa
380 489 532 543 potest,
562 486 690 542 quod,
713 487 759 528 in
783 486 1027 529 scholarum
1054 486 1283 529 utilitatem
1306 486 1479 529 assidue
1502 486 1623 529 adhi-

217 561 369 615 bitum,
402 564 555 615 poema
588 575 613 602 a
644 560 900 614 Byzantinis
933 560 1125 601 studiose
1148 560 1321 614 saepius
1343 562 1622 602 retractatum

216 632 361 676 fuerit.
395 632 646 676 Scribarum
681 632 857 688 quidem
891 633 1109 689 imperitia
1131 635 1301 675 textum
1323 631 1483 689 passim
1506 632 1624 675 varia

215 708 404 749 lectione
439 708 655 762 corrupit3
691 706 861 749 diversa
893 707 1238 761 Byzantinorum
1269 707 1572 762 pronunciatio
1595 708 1623 756 1)

218 781 475 837 ambiguum
509 794 597 823 non
630 780 764 823 semel
797 780 1030 823 verborum
1064 793 1241 823 sensum
1273 780 1400 823 fecit:
1435 779 1623 822 vocabu-

217 854 358 895 lorum
392 853 585 908 syllabae
618 856 859 908 postremae
892 854 1160 908 imminutae,
1197 854 1316 908 ipsae
1359 852 1637 907 Byzantino-·

216 941 315 969 rum
349 927 640 988 correctiones
661 930 703 968 et
729 926 1096 981 interpolationes,
1120 938 1296 981 eaeque,
1320 926 1493 981 saepius
1515 929 1622 968 tem-

217 1002 335 1057 poris
367 1013 574 1056 processu
608 1000 877 1055 depravatae,
910 1001 1068 1043 misere
1100 1004 1253 1056 peema
1286 1003 1425 1042 totum
1455 1003 1624 1056 pertur—

217 1074 387 1115 barunt.

340 1146 517 1189 Certum
552 1148 617 1187 est
647 1158 730 1188 nec
762 1146 902 1188 nitore
932 1158 1015 1187 nec
1048 1145 1280 1187 verborum
1323 1146 1445 1188 cultu
1487 1146 1623 1189 Pseu-

217 1219 554 1275 dophocylidem
588 1218 894 1274 commendari,
918 1219 994 1261 sed
1018 1220 1141 1261 tenui
1164 1219 1339 1262 dicendi
1361 1232 1522 1275 genere
1544 1220 1619 1262 uti.

218 1293 355 1348 Cujus
389 1306 564 1335 carmen
596 1294 640 1334 in
676 1293 866 1334 historiis
898 1293 1140 1335 litterarum
1172 1306 1426 1348 graecarum
1456 1296 1553 1348 post
1571 1293 1621 1335 τὰ

221 1385 239 1405 «
261 1367 421 1423 Χρυσᾶ
442 1368 523 1423 ἔπη
548 1384 566 1405 >>
605 1380 717 1422 quae
739 1380 871 1423 supra
894 1366 1184 1423 expendimus
1207 1370 1337 1423 atque
1363 1380 1465 1409 cum
1486 1367 1622 1409 Pseu-

217 1440 538 1496 dophocylidea
556 1441 914 1496 comparavimus,
932 1440 1251 1483 recensendum
1269 1432 1363 1483 esse
1386 1441 1516 1483 etiam
1539 1440 1622 1482 Go-
1655 1442 1659 1445 ’

215 1528 308 1556 ram
341 1513 513 1557 fatetur.
547 1513 703 1569 Neque
726 1527 829 1556 vero
851 1514 960 1556 illud
984 1527 1007 1556 e
1031 1514 1361 1557 collectionibus
1382 1514 1619 1569 lyricorum

219 1586 540 1629 extrahendum
573 1600 667 1629 esse
702 1586 842 1641 credo,
867 1600 967 1629 cum
989 1586 1115 1629 nobis
1137 1587 1320 1642 vestigia
1341 1586 1529 1642 plurima
1550 1600 1622 1629 ve-

217 1664 361 1703 terum
392 1663 618 1716 poetarum
642 1674 799 1703 aureae
823 1661 974 1703 aetatis
997 1661 1166 1715 referat,
1184 1661 1468 1716 mediumque
1490 1662 1622 1703 inter-

217 1734 343 1777 cedat
375 1735 601 1790 antiquam
632 1735 748 1777 inter
781 1738 824 1777 et
855 1734 1143 1777 recentiorem
1175 1737 1412 1790 γνωμικῶν
1443 1734 1605 1790 poesin.

339 1806 543 1850 Debitam
574 1806 674 1849 ideo
706 1806 770 1848 illi
803 1806 951 1849 sedem
986 1805 1166 1849 Crusius
1191 1807 1238 1848 in
1260 1819 1340 1849 sua
1359 1806 1623 1862 Anthologia

217 1881 464 1936 assignavit.

824 2013 987 2057 Doctor
1017 2013 1167 2057 Annus
1199 2014 1410 2058 Arorsms
1442 2013 1623 2057 ZANoLm

334 2257 360 2302 ¹)
386 2268 463 2304 qua
488 2255 689 2305 diphtongi
714 2272 756 2301 ει,
783 2272 816 2294 οι
842 2268 930 2292 cum
948 2272 983 2304 η,
1002 2260 1117 2303 atque
1134 2272 1169 2293 αι
1188 2268 1277 2292 cum
1301 2273 1318 2294 ε
1346 2256 1614 2304 permutaban-

220 2321 305 2352 tur:
332 2328 401 2352 nec
426 2328 502 2353 non
528 2318 625 2353 ratio
651 2316 838 2353 scribendi
866 2329 942 2364 qua
966 2333 990 2354 κ
1018 2329 1106 2353 cum
1131 2334 1153 2365 η
1183 2317 1265 2364 (cfr.
1286 2318 1410 2364 Bergk
1436 2329 1498 2365 op.
1525 2318 1613 2370 cit).
