1844 3093
362 253 457 295 Vss.
490 253 624 295 42-47
661 267 685 295 a
716 253 822 309 loco,
858 256 1182 313 quem-tenent⁷
1214 254 1378 297 alienos
1411 267 1505 297 esse
1538 267 1639 297 cum

238 338 383 380 neque
417 325 637 381 prioribus
659 338 803 380 neque
826 326 1109 381 sequentibus
1132 327 1234 368 satis
1258 327 1529 380 conveniant,
1551 326 1639 380 jam

243 398 379 441 sensit
411 397 561 454 Sibyll.
594 398 777 454 scriptor
808 398 885 440 hos
916 397 1002 440 illis
1033 398 1313 454 praemittens
1346 411 1519 441 versus:

338 488 356 509 «
378 470 510 527 Μηδὲ
540 471 672 527 θέλῃς
691 471 897 520 πλουτεῖν,
917 471 1025 527 μηδ’
1050 472 1194 527 εὔχου,
1211 470 1315 513 ἀλλὰ
1336 470 1426 513 τόδ’
1450 472 1580 527 εὔχου

335 544 427 600 Ζῆν
448 542 536 587 ἀπὸ
557 546 644 587 τῶν
666 543 833 599 ὀλίγων,
854 543 993 600 μηδέν
1013 560 1057 587 τε
1077 544 1229 600 ἔχοντα
1252 543 1416 587 ἄδικον.
1444 562 1462 583 >>

361 617 615 672 Sequuntur
646 617 803 659 deinde
836 630 987 659 versus
1018 617 1196 672 Phocyl.
1240 618 1317 672 qui
1358 621 1638 673 praeceptum

241 690 448 733 traditum
479 690 709 733 illustrant.
1479 707 1481 709 ·

333 764 448 807 Ante
484 777 541 806 vs.
574 764 632 805 48
664 762 902 819 praemittit
932 776 1003 805 vs:

329 837 461 894 Μηδὲ
483 837 641 885 δόλους
662 837 845 893 ῥάπτειν,
866 836 928 892 μὴ
950 835 1063 892 πρός
1084 837 1209 891 φίλον
1240 836 1345 893 ἦτορ
1367 837 1551 887 ὁπλίζειν

239 912 365 955 cuius
397 910 587 967 primum
619 910 944 953 hemistichium
977 923 1034 952 ex
1066 909 1310 966 Pseudoph.
1344 924 1381 952 v.
1405 910 1432 951 4
1455 898 1639 966 petitum

240 998 333 1028 esse
365 985 514 1040 liquet.

358 1058 415 1101 Et
457 1059 532 1114 qui
576 1057 701 1114 plura
745 1057 891 1100 videre
937 1057 1041 1112 vult,
1078 1071 1228 1100 omnes
1272 1058 1404 1100 huius
1437 1058 1641 1100 carminis

239 1132 537 1174 adnotationes
568 1130 747 1186 Bergkii
777 1130 933 1185 videat,
966 1130 1049 1172 alia
1071 1131 1251 1186 insuper
1271 1131 1367 1172 aliis
1389 1144 1413 1173 e
1436 1131 1640 1173 carminis

236 1205 473 1261 pseudoph.
497 1204 603 1247 locis
626 1204 853 1259 desumpta
873 1204 1085 1258 inveniet,¹
1103 1204 1139 1245 si
1162 1204 1376 1259 patienter
1396 1204 1557 1246 librum
1585 1204 1638 1246 II.

237 1278 371 1321 Sibill.
404 1277 646 1334 perlegerit
733 1269 735 1271 ’

361 1351 448 1393 Hic
479 1351 587 1395 mihi
619 1351 815 1393 innuisse
848 1350 1043 1393 sufficiat
1065 1364 1215 1393 versus
1243 1352 1376 1393 13-15
1401 1351 1562 1406 Sibyll:

334 1442 503 1467 ........
527 1424 651 1467 ὅσσαι
674 1423 712 1466 δ’
737 1423 797 1466 ἑνὶ
819 1424 986 1479 γαστέρι
1007 1423 1183 1480 φόρτοις

324 1498 694 1555 Ἐκτρώσκουσιν,
717 1497 811 1541 ὅσοι
832 1497 1031 1546 τοκετοὺς
1052 1499 1270 1554 ῥίπτουσιν
1292 1499 1501 1555 ἇθέσμως

336 1571 573 1627 Φαρμακοὶ
602 1572 678 1614 καὶ
709 1572 984 1627 φαρμακίδες
994 1606 1002 1614 .
1020 1606 1027 1614 .
1042 1606 1050 1614 .

240 1658 263 1688 e
296 1644 494 1689 versibus
529 1644 627 1700 149,
658 1644 793 1687 183-4
815 1644 1059 1701 Pseudoph.
1081 1644 1234 1701 procul
1256 1645 1388 1688 dubio
1412 1645 1639 1688 conflatos:

272 1720 370 1761 149.
394 1719 609 1774 φάρμακα
640 1719 701 1774 μὴ
734 1719 893 1774 τεύχειν
906 1753 1023 1762 ......
1027 1772 1030 1774 -

271 1793 368 1836 184.
390 1792 503 1849 μηδὲ
525 1792 630 1849 γυνὴ
652 1793 819 1849 φθείρει
839 1792 1005 1849 βρέφος
1026 1793 1220 1849 ἔμβρυον
1243 1792 1392 1836 ἔνδοθι
1415 1792 1608 1849 γαστρός.

273 1868 370 1909 185.
392 1867 505 1922 μηδὲ
525 1871 708 1909 τεκοῦσα
732 1866 855 1909 κυσὶν
877 1868 982 1922 ῥίψῃ
1005 1867 1079 1908 καὶ
1101 1860 1230 1920 νυψῖν
1251 1867 1404 1921 ἕλωρα.

391 1940 434 1995 4)
467 1938 623 1982 Omnia
656 1951 767 1996 quae
799 1940 846 1981 in
867 1939 921 1982 II.
946 1939 1094 1994 Sibyll.
1117 1938 1226 1981 libro
1249 1938 1395 1981 addita
1416 1939 1485 1982 vel
1507 1939 1640 1981 inter-

237 2014 380 2069 polata
411 2017 524 2068 sunt,
558 2027 823 2068 quamquam
853 2026 996 2068 neque
1029 2013 1448 2068 Pseudophocylidis
1470 2017 1641 2068 γνῶμαι

237 2089 312 2129 aut
341 2099 624 2129 numerorum
657 2086 870 2143 elegantia
901 2089 976 2128 aut
1006 2087 1217 2129 sermonis
1250 2086 1495 2130 urbanitate
1525 2100 1640 2130 com-

237 2160 508 2215 mendantur,
542 2163 585 2201 at
616 2163 766 2202 contra
795 2159 1135 2216 plurima'verba
1157 2163 1199 2202 et
1221 2163 1496 2203 constructus
1519 2162 1641 2203 novi-

236 2234 329 2276 ciae
362 2234 541 2289 originis
572 2246 674 2289 prae
708 2246 753 2275 se
785 2232 943 2287 ferunt,
978 2233 1130 2289 procul
1163 2233 1296 2275 dubio
1330 2239 1479 2276 tamen
1511 2235 1641 2276 etiam

234 2308 379 2349 minus
409 2308 558 2363 peritis
591 2308 726 2349 multo
760 2307 973 2350 deteriora
1003 2310 1220 2363 apparent.

358 2379 527 2430 Quibus
560 2380 762 2422 omnibus
793 2380 1029 2435 perpensis,
1052 2381 1146 2423 iure
1181 2381 1423 2436 meritoque
1447 2381 1555 2424 haec
1576 2382 1641 2423 in-

234 2453 339 2496 ferri
372 2456 571 2509 possunt:

389 2527 432 2582 α)
464 2526 645 2570 Suidam
677 2526 958 2584 compilatum
989 2540 1090 2570 cum
1131 2527 1410 2584 compilatore
1450 2541 1643 2571 commu-

238 2603 362 2643 tasse.

386 2674 430 2730 β)
463 2674 508 2717 Si
540 2674 733 2717 secundo
764 2678 862 2730 post
893 2674 989 2717 Chr.
1018 2689 1058 2717 n.
1083 2676 1258 2719 saeculo
1281 2676 1392 2719 liber
1411 2676 1465 2718 ΙΙ..
1489 2676 1639 2731 Sibyll.
