1844 3093
825 139 869 143 —
897 117 943 153 45
972 140 1015 143 —

224 192 345 234 dium
379 191 562 233 secundi
593 191 757 233 saeculi,
788 181 885 246 pest
915 192 990 234 Ch.
1023 206 1076 246 n.,
1098 206 1185 247 qua
1211 195 1349 234 aetate
1377 191 1621 234 Christiana

220 265 373 320 religio
406 264 513 306 adeo
531 264 659 319 longe
681 264 853 319 lateque
877 264 1039 307 diffusa
1061 268 1135 320 est,
1160 268 1208 307 ut
1228 278 1356 307 nemo
1380 278 1475 307 eam
1497 265 1620 320 igno-

218 349 314 379 rare
345 336 502 392 possit:
537 336 654 391 quod
686 348 787 378 vero
809 336 930 378 nulla
950 338 997 378 in
1020 338 1210 379 carmine
1234 340 1385 379 extent
1405 336 1457 379 N.
1479 337 1522 379 T.
1546 350 1619 379 ve-

219 411 357 466 stigia,
390 409 436 452 id
467 423 547 452 nos
578 410 692 452 intra
726 411 810 453 150
844 424 981 453 annos
1012 414 1110 466 post
1129 411 1204 453 Ch.
1225 425 1265 453 n.
1285 412 1521 453 consistere
1545 424 1617 453 co-

221 485 294 540 git.
327 483 387 525 At
418 486 639 525 auctorem
671 483 884 525 Iudaeum
908 496 1002 525 esso
1026 484 1416 526 demonstravimus
1439 484 1619 539 γνώμας

221 570 322 599 suas
356 556 541 598 ethnicis
570 556 865 599 dedicantem:
891 571 977 611 qua
995 570 1042 599 re
1064 570 1287 612 perpensa,
1311 557 1528 612 simulque
1551 571 1620 599 ca-

217 629 494 683 lamitatibus,
527 642 638 684 quae
670 630 791 684 genti
820 629 1020 683 judaicae
1053 643 1140 670 11110
1173 629 1346 671 saeculo
1371 633 1413 671 et
1435 629 1614 670 dimidio

218 704 316 757 post
347 701 420 743 Ch.
453 716 494 744 n.
527 702 670 744 illatae
703 705 815 752 sunt,
846 702 1080 757 praecipue
1114 714 1215 744 vero
1248 702 1397 757 templi
1428 702 1616 744 Heroso-

218 774 405 815 limitani
438 775 622 830 excidio,
655 774 949 829 consideratis,
975 787 1110 820 vnemo
1154 775 1246 829 erit,
1289 775 1366 829 qui
1402 774 1485 816 sibi
1523 788 1619 830 per-

219 861 397 889 suasum
429 847 595 902 habeat,
627 847 841 890 Iudaeum
872 847 980 890 adeo
1013 847 1156 889 studio
1188 847 1394 902 flagrasse
1434 847 1619 890 ethnicis

220 920 385 961 monita
415 920 621 975 legesque
653 920 837 962 morales
870 920 1080 973 tradendi,
1114 933 1215 962 cum
1247 921 1293 960 in
1326 920 1409 961 1100
1432 921 1620 961 maxime

219 997 324 1034 tunc
356 992 508 1034 Iudaei
530 992 783 1035 hellenistae
806 992 1116 1046 adlaborarent,
1140 995 1187 1033 ut
1209 992 1380 1047 scriptis
1404 1004 1450 1033 se
1476 1005 1621 1033 suam-

220 1078 305 1120 que
337 1065 594 1121 religionem
625 1069 862 1108 tuerentur.

341 1140 520 1181 Annum
551 1140 686 1195 igitur
717 1139 1085 1195 septuagesimum
1123 1152 1161 1194 p.
1206 1137 1281 1181 Ch.
1324 1152 1365 1181 n.
1405 1138 1619 1180 transilire

219 1215 427 1255 vetamur.
460 1213 578 1255 Hinc
610 1213 806 1268 Bernays
839 1217 1020 1268 tempus,
1055 1226 1140 1267 quo
1184 1211 1622 1267 Pseudophocylidea

221 1288 396 1327 exarata
426 1286 559 1328 fuerit
590 1286 642 1328 ab
675 1300 788 1328 anno
822 1286 1121 1328 ducentesimo
1144 1300 1178 1327 a.
1203 1285 1277 1327 Ch.
1303 1299 1342 1327 11.
1371 1285 1425 1326 ad
1447 1288 1620 1340 septua—

224 1359 440 1413 gesimum
473 1373 511 1414 p.
546 1358 620 1401 Oh.
654 1373 694 1401 n.
729 1359 971 1414 decurrere,
1004 1372 1081 1415 pro
1115 1361 1231 1401 certo
1265 1358 1405 1400 habet.

341 1432 507 1475 Verum
524 1446 613 1474 non
630 1433 732 1474 satis
748 1432 1052 1475 animadvertit
1074 1445 1184 1487 quae
1203 1435 1451 1486 quantaque
1468 1435 1619 1474 auctor

219 1508 367 1547 noster
398 1519 421 1548 e
453 1505 575 1548 libris
607 1506 843 1561 sapientiae
877 1506 1117 1548 Salomonis
1150 1508 1193 1547 et
1215 1505 1383 1547 Sirachi
1406 1505 1619 1547 exhause-

219 1579 286 1633 rit,
320 1592 505 1633 quorum
538 1579 698 1621 eruditi
729 1580 993 1622 recentiores
1020 1579 1145 1620 illum
1168 1579 1285 1621 circa
1306 1578 1539 1620 dimidium
1561 1578 1620 1620 al-

220 1653 354 1694 terius
386 1653 550 1695 saeculi
581 1667 606 1694 a
638 1653 712 1695 Ch.
746 1667 786 1695 n.
821 1653 1070 1695 confectum
1102 1655 1315 1707 reputant,
1346 1652 1464 1694 1111110
1487 1666 1510 1694 0
1533 1665 1621 1694 ser-

219 1738 347 1767 mone
378 1726 551 1780 J'udaico
584 1727 631 1768 in
662 1740 868 1783 graecum
901 1739 1159 1769 conversum
1181 1728 1210 1781 1)
1241 1739 1330 1768 11011
1366 1726 1501 1767 multo
1523 1729 1620 1781 post

220 1802 411 1855 tempore
443 1800 579 1844 fuisse
612 1800 884 1856 arbitrantur,
917 1814 1074 1856 nempe
1108 1800 1188 1843 sub
1212 1800 1462 1843 Ptolomaeo
1486 1799 1619 1843 Ever-

218 1878 317 1929 gete
349 1874 542 1917 secundo
574 1875 790 1918 Phiscone
822 1876 1006 1931 (145-16
1040 1889 1075 1918 a.
1110 1874 1201 1930 Ch.)
1222 1874 1268 1917 si
1301 1875 1435 1930 igitur
1461 1875 1521 1916 ita
1551 1888 1620 1917 res

220 1961 266 1990 se
299 1948 438 2003 habet,
471 1949 951 2005 Pseudophocylideam
983 1963 1071 1991 non
1112 1952 1211 1991 ante
1253 1949 1391 1991 seculi
1435 1948 1618 1991 secundi

221 2022 389 2064 exitum
422 2023 702 2078 compositam
734 2022 870 2066 fuisse
902 2026 1029 2079 patet.
1059 2049 1115 2053 ——
1136 2023 1321 2078 Insuper
1342 2021 1620 2064 Ptolomaeus

220 2096 390 2151 Phisco,
422 2097 664 2140 Aristarchi
703 2098 973 2153 grammatici
1005 2097 1245 2152 discipulus
1290 2099 1418 2151 atque
1465 2097 1619 2151 viginti

221 2174 426 2225 quattuor
455 2170 665 2213 librorum
688 2197 745 2201 —
764 2170 1114 2227 ’Υπομνημάτων
1136 2196 1192 2200 -
1216 2173 1375 2224 auctor,
1398 2182 1507 2225 quos
1529 2183 1618 2212 non

221 2245 355 2287 semel
387 2245 640 2288 Athenaeus
671 2246 829 2301 laudat,
876 2246 1070 2300 undique
1114 2245 1286 2287 codices
1330 2244 1621 2299 congregabat

222 2318 503 2374 emebatque:
539 2334 625 2375 qua
657 2320 787 2362 etiam
820 2320 873 2363 de
904 2333 951 2362 re
983 2320 1180 2375 plurimis
1223 2319 1436 2374 pecuniae
1482 2318 1621 2361 avidis

338 2497 364 2541 ¹)
390 2497 481 2543 quin
508 2496 624 2532 immo
659 2495 739 2543 ipse
771 2494 886 2530 huius
921 2492 1007 2529 libri
1041 2492 1224 2539 interpres
1259 2502 1299 2527 se
1331 2490 1619 2527 translationem

225 2559 440 2603 confecisse,
466 2561 646 2605 regnante
672 2557 890 2593 Ptolomaeo
918 2555 1111 2602 Evergete,
1147 2553 1359 2601 profitetur,
1397 2565 1509 2600 quem
1535 2563 1617 2587 eru-

226 2622 300 2657 diti
324 2622 544 2658 recentiores
570 2621 791 2667 Evergetem
818 2618 859 2653 11
885 2629 965 2653 esse
991 2617 1222 2651 existimant.
