1844 3093
813 170 857 174 -
888 148 910 184 9
937 171 981 174 -

192 225 371 282 planum
405 228 470 267 est
502 224 662 267 videre.
707 224 818 267 Nam
860 225 897 267 si
929 227 1025 280 post
1057 238 1138 267 vss.
1172 225 1308 266 45-55
1343 224 1387 267 II
1420 224 1491 267 lib.
1525 225 1589 268 Si-

193 298 297 353 byll.
316 311 467 340 versus
484 298 943 353 Pseudophoeylideae
967 298 1156 352 deesent,
1181 311 1254 340 eos
1276 298 1455 340 minime
1479 298 1591 340 desi-

193 370 334 413 derari
367 372 535 412 certum
567 372 641 412 est.
676 369 829 412 Affero
862 383 944 412 vss.
977 370 1114 411 45-55
1146 369 1267 412 Orac.
1291 370 1467 424 Sibyll.:

222 445 291 487 45.
319 443 469 499 Ἀγνὸς
491 443 572 499 γὰρ
607 443 794 499 Χριστὸς
814 445 977 492 τούτοις
997 444 1047 487 τὰ
1072 444 1214 487 δίκαια
1236 444 1478 500 βραβεύσει,

222 518 292 559 46.
325 516 412 559 Καὶ
434 516 643 572 δοκίμους
664 516 816 572 στέψει,
838 515 973 573 αὐτὰρ
994 516 1110 572 θέμα
1133 516 1315 573 μάρτυσι
1337 517 1467 560 δώσει

223 591 293 633 47.
319 589 560 633 Ἆθάνατόν
591 590 622 632 τ’
647 589 806 647 ἄχρι(ς)
833 590 1027 634 θανάτου
1048 590 1121 634 τὸν
1143 590 1291 646 ἀγῶνα
1313 594 1521 634 ποιοῦσιν.

221 664 291 705 48.
324 663 620 718 Παρθενικοῒς
644 662 691 705 δὲ
713 663 928 718 δραμοῦσι
948 664 1096 710 καλῶς
1114 663 1343 719 ἄφθαρτον
1365 663 1524 706 ἄεθλον

221 738 291 779 49.
324 736 475 786 Δώσει,
500 736 618 779 τοῦδ’
642 736 792 789 ἄθλον,
815 735 890 778 καὶ
908 740 996 784 τοῖς
1015 735 1064 778 τὰ
1088 736 1229 779 δίκαια
1252 737 1454 791 νέμουσιν

224 812 292 853 50.
321 810 594 865 Ἀνθρώποις
627 809 795 866 πασίζν)
822 826 865 852 τε
895 810 969 852 καὶ
990 810 1157 852 ἔθνεσιν
1177 810 1454 852 ἀλλοδαποῖσι

223 885 291 926 51.
328 883 423 931 Τοῖς
442 883 572 930 ὁσίως
594 883 767 933 ζώουσι,
804 882 916 926 Θεὸν
939 882 1060 938 δ’(θ’)
1069 884 1142 925 ἕνα
1166 883 1488 938 γιγνώσκουσιν.

228 957 296 999 52.
327 956 385 999 Οἳ
401 956 438 998 δ’
449 956 648 1011 ἀγαπῶσι
670 956 811 1011 γάμον
832 972 874 998 τε
896 956 1208 1012 γαμοκλοπιῶν
1230 956 1512 1011 δ’ἀπέχονται,

227 1032 295 1072 53.
330 1029 469 1072 Δώσει
498 1029 681 1072 πλούσια
705 1029 812 1084 δῶρ,
829 1030 1026 1072 ἀἰώνιον
1047 1029 1195 1072 ἐλπίδα
1218 1028 1292 1071 καὶ
1313 1029 1466 1076 αὐτοῖς.

226 1103 293 1144 54.
328 1102 458 1145 Πᾶσά
480 1119 522 1145 τε
542 1102 623 1158 γὰρ
645 1102 764 1158 ψυχὴ
787 1102 998 1158 μερόπων
1025 1102 1139 1146 Θεοῦ
1161 1102 1244 1145 ἐστι
1264 1101 1454 1157 χάρισμα

225 1177 292 1218 55.
325 1176 421 1219 Κοῦ
443 1176 569 1231 θέμις
590 1176 859 1231 ἀνθρώπους
879 1175 955 1232 τὴν
976 1176 1118 1231 ἄλγεσι
1139 1178 1243 1218 πᾶσι
1262 1175 1452 1230 μιαίνειν.

344 1249 386 1303 2)
418 1249 464 1292 Si
496 1249 574 1291 hos
606 1262 758 1291 versus
791 1249 1091 1304 expendimus,
1112 1262 1201 1291 non
1222 1250 1392 1290 tantum
1413 1248 1593 1303 scripto-

191 1337 283 1365 rem
316 1322 609 1365 Christianum
641 1322 790 1375 fuisse,
825 1335 978 1366 verum
1011 1323 1141 1365 etiam
1178 1335 1329 1365 versus
1368 1321 1535 1377 aliquos
1568 1336 1592 1364 a

191 1396 430 1450 Phoeylide
475 1396 689 1437 imitatum
731 1395 860 1438 facile
906 1395 1294 1451 deprehendimus:
1340 1407 1490 1436 versus
1534 1395 1590 1435 52

192 1468 325 1511 Sibill.
360 1468 651 1510 conferendus
683 1481 783 1510 eum
815 1467 1060 1524 Pseudoph.
1093 1482 1131 1510 V.
1166 1469 1215 1509 3:

311 1541 417 1596 μήτε
439 1541 752 1595 γαμοκλοπέειν
766 1541 859 1596 μήτ’
879 1541 1038 1596 ἄρσενα
1061 1540 1233 1595 Κύπριν
1255 1540 1419 1595 ὅρίνειν.
1438 1552 1590 1582 versus

193 1616 247 1657 53
282 1615 328 1657 in
360 1615 613 1657 memoriam
644 1617 819 1657 revocat
850 1614 1094 1670 Pseudoph.
1129 1628 1209 1657 vss.
1246 1615 1282 1668 1,
1317 1615 1355 1656 2.

313 1701 372 1729 vs.
406 1688 462 1728 45
488 1687 637 1741 Sibyll.
660 1687 905 1742 Pseudoph.
929 1701 988 1729 vs.
1016 1688 1068 1728 12
1094 1721 1214 1729 ......
1235 1687 1284 1728 τὰ
1308 1687 1450 1728 δίκαια
1483 1687 1591 1741 βρα-

221 1777 340 1803 ευειν.

190 1761 220 1816 β
312 1844 371 1872 vs.
407 1832 463 1873 54
498 1831 583 1873 Sib.
618 1831 861 1886 Pseudoph.
895 1844 1070 1873 versum
1106 1833 1214 1873 106:

316 1922 334 1942 «
359 1903 542 1959 Πνεῦμα
565 1904 647 1959 γάρ
667 1905 749 1947 ε’στι
775 1905 885 1947 θεοῦ
917 1909 1068 1960 χρῆσις
1089 1905 1279 1959 θνητοῖσι
1310 1903 1384 1946 καὶ
1417 1904 1548 1946 εἰκών
1568 1922 1585 1941 >>

190 1977 378 2020 Demum
410 1990 491 2018 vss.
527 1977 690 2019 149-53
725 1977 1038 2032 Sibyllinorum
1070 1990 1179 2019 orae.

315 2048 452 2098 Οὗτος
474 2051 606 2105 ἀγών,
629 2051 737 2093 ταῦτ’
762 2050 844 2093 ἐστὶ
875 2051 1038 2100 ἀέθλια,
1065 2054 1193 2093 ταῦτα
1226 2051 1409 2106 βραβεῖα

314 2123 449 2166 Τοῦτο
479 2123 592 2179 πύλη
627 2124 743 2179 ζωῆς
774 2123 847 2166 καὶ
879 2123 1046 2171 εἴσοδος
1077 2123 1330 2179 ἀθανασίης,

301 2195 396 2238 ‘'Hv
433 2194 543 2243 Θεὸς
575 2196 776 2251 οὐράνιος
808 2196 1086 2243 δικαιοτάτοις
1117 2196 1373 2251 ἀνθρώποις

300 2269 513 2325 ”Εστησεν
544 2269 665 2325 νίκης
696 2269 925 2312 ἕπαέθλιον
957 2270 999 2312 οἱ
1031 2269 1077 2312 δὲ
1109 2269 1312 2326 λαβόντες

313 2342 370 2384 Τὸ
404 2343 558 2397 στέφος
585 2342 776 2391 ἐνδόξως
808 2342 1090 2385 διελεύσονται
1122 2343 1191 2385 διὰ
1224 2344 1387 2399 ταύτης.

189 2415 236 2456 in
261 2416 514 2469 memoriam
535 2414 741 2469 redigunt
761 2427 913 2457 versus
933 2415 1093 2470 epilogi
1109 2416 1346 2471 pseudoph.
1366 2416 1591 2459 carminis:

313 2487 452 2530 Ταῦτα
490 2488 766 2543 δικαιοσύνης
796 2488 1020 2543 μυστήρια,
1061 2493 1153 2531 τοῖα
1186 2490 1371 2544 βιεῢντες

310 2560 443 2617 Ζωὴν
465 2561 673 2604 ἓκτελέοιτ’
699 2560 873 2617 ἀγαθὴν
888 2562 1016 2617 μέχρι
1041 2562 1205 2618 γήραος
1224 2562 1333 2605 ὁδοῦ
1347 2579 1430 2614 -,·
1452 2574 1592 2605 necne

191 2647 399 2677 versuum
429 2634 674 2691 Pseudoph.
709 2635 765 2677 98
